3252 5026
613 473 796 521 Anninus.
1121 459 1188 524 239

231 649 312 694 rans
328 631 371 694 ad
394 650 538 713 regnum
562 629 700 708 Siciliae,
721 631 880 712 coepitio
899 628 1031 713 Apulia
1052 631 1186 697 fortiter

231 730 409 794 dominari.
463 730 686 795 Innocentius
712 747 815 812 papa,
840 731 875 792 in
904 730 1042 794 Italiam
1070 751 1185 796 rever-

231 848 303 905 sus,
335 830 426 912 apud
456 829 626 894 Assisium
654 832 873 908 morabatur;
906 831 964 894 ubi
990 830 1026 895 S.
1052 830 1185 895 Stanis·

231 929 324 993 laum
348 929 612 994 Cracovicnsem
643 931 841 1012 episcopum
870 931 1100 1005 canonizavit,
1126 932 1185 1014 qui

233 1031 276 1094 ab
294 1031 413 1113 iniquo
431 1030 584 1112 principe
602 1028 713 1093 fuerat
727 1029 938 1095 interfectus,
979 1030 1058 1093 Rex
1074 1031 1184 1094 Fran·
1199 1046 1320 1085 Reieaseot

232 1147 361 1206 corum,
387 1137 594 1212 procurante
611 1131 730 1210 regina
753 1129 885 1192 Blanca
901 1137 1010 1195 matre
1025 1130 1112 1213 ejus,
1131 1133 1186 1195 cui
1198 1097 1322 1186 ffilllim

233 1230 425 1294 custodiam
449 1230 548 1311 regni
566 1228 764 1310 reliquerat,
793 1229 875 1292 dato
900 1230 1011 1312 pretio
1035 1238 1069 1294 et
1090 1231 1185 1295 resti·
1199 1197 1313 1236 ”mm

233 1335 311 1392 tuta
334 1329 498 1394 Damiata
521 1329 703 1392 Saracenis
723 1327 901 1404 liberatur,
923 1349 992 1393 una
1013 1348 1091 1392 cum
1117 1330 1186 1395 fra·

235 1429 343 1492 tribus
366 1435 401 1492 et
417 1428 494 1492 aliis
517 1427 744 1510 concaptivis,
761 1429 833 1511 qui,
850 1429 1002 1492 remissis
1020 1430 1055 1491 in
1071 1429 1183 1493 Fran·

233 1527 320 1591 ciam
342 1528 518 1605 fratribus,
542 1527 781 1592 transfretavit
802 1528 838 1590 in
854 1526 999 1608 Achon3
1023 1530 1124 1612 cujus
1142 1550 1183 1594 ac

233 1628 413 1692 civitatum
433 1620 582 1710 ¹Joppes
603 1634 637 1691 et
656 1626 794 1691 Sidonis
811 1647 927 1691 muros
947 1647 1123 1709 reparans,
1149 1631 1183 1692 in

234 1735 327 1791 terra
347 1727 407 1790 illa
426 1747 488 1809 per
503 1727 772 1810 quinquennium
793 1746 923 1791 moram
940 1727 1033 1791 fecit.
1085 1729 1186 1791 Tem-

234 1828 374 1909 poribus
404 1826 589 1902 Frederici,
622 1827 656 1890 in
687 1827 890 1908 Burgundia
917 1827 1099 1908 imperiali,
1125 1849 1186 1910 per

235 1933 358 1990 terram
374 1927 521 1991 solutam
538 1945 560 1989 a
572 1928 747 2004 montibus
762 1928 897 1991 circiter
912 1927 1186 2009 quinquemillia

234 2025 408 2090 hominum
439 2027 661 2092 suffocantur.
709 2026 803 2091 Nam
830 2045 919 2090 unus
951 2046 1050 2091 mons
1076 2029 1186 2090 maxi-

234 2146 323 2203 muS,
349 2147 387 2190 se
416 2126 572 2190 dividens
605 2128 648 2191 ab
676 2127 753 2191 aliis
777 2128 963 2203 montibus,
995 2147 1056 2209 per
1085 2127 1186 2209 plura

234 2226 395 2290 milliaria
405 2226 584 2310 cujusdam
596 2227 697 2290 vallis
711 2226 863 2290 cadendo
876 2245 913 2290 se
925 2226 1127 2304 extendens,
1142 2228 1185 2290 ad

235 2325 321 2388 alios
342 2333 475 2390 montes
498 2328 653 2402 accessit,
678 2345 796 2390 omnes
813 2325 848 2388 in
867 2325 958 2389 valle
974 2325 1076 2390 villas
1093 2333 1185 2390 terra

235 2432 270 2489 et
287 2424 459 2508 lapidibus
476 2426 669 2508 operiendo.
724 2425 775 2489 Eo
792 2426 895 2489 etiam
917 2433 1083 2506 tempore,
1107 2446 1183 2508 reg·
1197 2445 1316 2504 regenam

234 2533 339 2589 nante
361 2546 443 2607 rege
463 2525 625 2591 Castellae
646 2525 878 2601 Ferdinando,
900 2527 935 2588 in
952 2525 1077 2589 Toleto
1100 2495 1309 2589 His-iaso.munh

235 2625 360 2705 panias,
391 2625 536 2688 Judaeus
569 2625 720 2707 quidam,
755 2619 1032 2689 ²comminueudo
1065 2645 1185 2707 rupem

149 2760 157 2782 Ι
234 2743 337 2787 unam
360 2745 424 2807 pro
440 2725 542 2789 vinea
565 2724 773 2806 amplianda,
796 2725 830 2788 in
855 2725 966 2792 medio
989 2724 1114 2807 lapidis
1136 2726 1185 2788 in-

235 2825 328 2888 veuit
355 2825 603 2889 concavitatem
635 2844 750 2901 unam,
776 2825 905 2887 nullam
932 2826 1069 2905 penitus
1096 2825 1183 2887 divi·

233 2924 364 2986 sionem
389 2923 569 2988 habentem
599 2931 660 2988 aut
685 2925 881 3001 scissuram,
907 2932 943 2989 et
967 2926 1002 2987 in
1022 2925 1184 2989 concavi-

235 3029 307 3086 tate
327 3022 388 3086 illa
411 3023 538 3105 reperit
559 3043 664 3086 unum
688 3025 812 3088 librum
839 3025 938 3107 quasi
963 3024 1046 3088 folia
1069 3024 1192 3106 lignea:

235 3122 432 3202 habentcm3
457 3116 529 3205 ³qui
547 3123 633 3186 liber
649 3124 759 3187 tribus
777 3124 905 3204 linguis
919 3125 1184 3205 scriptusvide-

234 3222 315 3286 licet
348 3221 533 3300 Hebraice,
565 3221 701 3299 Graece,
732 3230 767 3287 et
798 3223 933 3299 Latine,
970 3231 1102 3287 tantum
1141 3223 1184 3287 de

234 3322 350 3386 littera
384 3322 532 3388 babebat
562 3330 730 3404 quantum
762 3343 869 3386 unum
896 3321 1119 3398 Psalterium‚
1148 3331 1182 3388 et

234 3421 440 3504 loquebatur
463 3423 505 3486 de
530 3422 656 3505 triplici
675 3423 801 3486 mundo
820 3423 863 3484 ab
880 3419 994 3485 Adam
1012 3439 1121 3504 usque
1140 3423 1185 3485 ad

235 3520 500 3599 Antichristum,
517 3522 746 3604 proprietates
766 3521 941 3584 hominum
965 3520 1192 3603 uniuscujus-,

234 3641 301 3704 que
318 3623 436 3685 mundi
451 3621 686 3704 exprimendo.
741 3621 953 3703 Principium
968 3640 1048 3684 vero
1066 3621 1191 3684 mundi

236 3722 328 3786 tertii
355 3724 471 3804 posuit
491 3723 525 3785 in
547 3721 711 3786 enrrsro
737 3721 808 3783 sic:
837 3720 900 3784 ‘In
929 3721 1031 3784 tertio
1058 3720 1185 3784 mundo

236 3822 346 3884 Filius
375 3822 444 3884 Dur
478 3831 639 3885 nascetur
669 3841 713 3884 ex
736 3819 881 3901 Virgine
906 3819 1033 3896 Maria,
1058 3828 1092 3883 et
1123 3840 1186 3902 pro

235 3921 347 3985 salute
365 3921 539 3985 hominurn
557 3920 731 4003 patietur.⁸
774 3919 877 3999 Quod
894 3920 1012 4000 legens
1028 3919 1051 3982 J
1056 3919 1185 3996 udaeus,

271 4130 278 4158 ¹
295 4132 339 4179 All
350 4131 393 4180 the
405 4131 481 4180 MSS.
493 4132 572 4181 have‘
581 4124 685 4191 Joppe?
757 4126 768 4157 ⁸
782 4132 893 4192 ‘quibus
903 4131 984 4179 tribus
1001 4131 1096 4193 linguis
1107 4131 1186 4192 scrip-

233 4277 257 4320 et
268 4198 307 4318 ἓξ,
315 4202 438 4264 cavando,
461 4200 610 4250 conterendo
618 4195 634 4261 ;'
656 4200 695 4248 M.
722 4199 755 4248 tis
765 4195 779 4260 ;’
791 4199 838 4250 Ar.
