3252 5026
438 517 503 582 142
798 533 871 580 ruo.
896 532 1043 580 salvari

438 692 591 757 silientes
617 693 654 755 in
680 711 786 769 mare,
813 679 847 755 et
875 709 995 754 versus
1020 690 1119 753 littus
1148 688 1281 771 pedites
1311 708 1390 771 pro·

438 793 614 856 cedebant.
671 791 751 856 Rex
795 798 910 855 autem
951 789 1138 871 singularis
1179 789 1391 871 praestantiae

436 892 576 970 balista,
602 910 705 973 quam
728 909 833 955 manu
857 892 1029 972 gestabat,
1054 890 1189 953 ancos
1214 889 1251 953 in
1276 889 1393 952 littore

436 991 565 1074 passim
600 992 811 1074 prosternit3
843 990 943 1074 cujus
983 989 1086 1054 etiam
1119 989 1262 1053 comites
1294 989 1394 1052 electi

436 1112 498 1174 per
512 1091 638 1156 littoris
657 1091 772 1174 ampla
795 1091 929 1154 Turcos
954 1089 1114 1153 cedentes
1139 1090 1391 1172 persequeban-

437 1199 504 1255 tur.
559 1190 682 1274 Neque
713 1192 803 1254 enim
836 1191 992 1266 ulterius,
1014 1190 1090 1254 viso
1121 1208 1211 1270 rege,
1239 1194 1314 1252 erat
1340 1188 1390 1252 eis

437 1292 591 1374 spirituS,
609 1311 671 1354 uec
686 1291 794 1354 eidem
813 1283 1065 1373 ¹[appropiare]
1083 1288 1265 1352 audebant.
1315 1287 1390 1351 Lit-

438 1400 512 1455 tore
535 1411 556 1454 a
581 1391 705 1455 Turcis
733 1396 914 1467 evacuato,
937 1409 999 1452 rex
1027 1409 1088 1472 per
1112 1389 1263 1453 cocleam
1285 1407 1390 1470 quan·

438 1491 531 1567 dam,
554 1509 658 1574 quam
679 1491 768 1555 forte
795 1496 1020 1573 perspexerat
1044 1489 1080 1552 in
1108 1489 1265 1552 domibus
1290 1489 1394 1552 Tem-

438 1590 640 1672 plariorum,
658 1591 752 1654 solus
771 1591 900 1672 primus
915 1589 1071 1666 intravit,
1089 1589 1228 1670 suisque
1245 1607 1387 1670 sequen-

440 1692 531 1754 tibus
553 1691 659 1774 jussit
686 1709 767 1754 suas
792 1689 953 1753 banerias
980 1687 1185 1752 eminentius
1212 1687 1390 1770 explicari.

439 1789 576 1868 Quibus
603 1790 761 1872 cognitis,
787 1790 980 1854 Turcorum
1011 1787 1208 1863 multitudo,
1241 1806 1320 1868 quae
1346 1787 1390 1850 ad

438 1889 506 1952 tria
534 1888 644 1952 millia
670 1883 775 1953 ²infra
803 1889 979 1953 civitatem
1006 1888 1254 1962 aestimabatur,
1280 1886 1389 1968 pluri·

277 2013 367 2052 aare
437 2008 531 2052 mum
549 1990 784 2054 conturbatur.
822 1989 900 2052 Rex
916 2007 993 2052 cum
1011 1988 1083 2050 suis
1098 1995 1256 2050 extracto
1272 1986 1389 2067 gladio

274 2063 426 2154 {llil‘dfllll
438 2089 673 2172 progrediens
691 2089 826 2152 Tureos
836 2089 911 2172 jam
930 2087 1103 2168 fugientes
1119 2087 1333 2169 insequitur3
1357 2093 1393 2150 et

438 2189 498 2273 qui
534 2189 569 2253 in
605 2189 692 2252 turri
729 2195 828 2253 erant
865 2187 1051 2270 resumptis
1079 2186 1211 2251 viribus
1250 2187 1391 2268 egressi,

438 2289 611 2372 regiaeque
637 2289 770 2352 militiae
796 2287 983 2372 conjuncti,
1009 2286 1213 2352 horrendam
1230 2287 1392 2368 ingerunt

438 2389 562 2453 Turcis
592 2389 732 2453 caedem.
784 2388 968 2452 Saladinus
999 2394 1128 2464 autem,
1159 2387 1277 2451 andito
1300 2386 1391 2468 regis

439 2489 606 2567 adventu,
627 2495 662 2552 et
684 2488 760 2573 ejus
782 2507 969 2570 congressu
989 2507 1067 2551 cum
1092 2487 1164 2550 suis
1192 2487 1251 2569 qui
1275 2486 1393 2550 civita-

439 2596 509 2654 tem
533 2595 799 2671 occupaverant,
824 2589 955 2652 avulsis
976 2586 1208 2669 papilionibus
1231 2585 1396 2649 velociter

438 2689 602 2772 fugiendo
625 2689 802 2751 abscessit.
856 2686 937 2752 Rex
960 2694 1076 2750 autem
1102 2684 1286 2760 Ricardus,
1312 2693 1392 2766 post

437 2789 626 2851 discessum
649 2787 816 2863 Saladini,
839 2787 875 2849 in
899 2785 1018 2850 eodem
1041 2785 1117 2848 loco
1140 2784 1333 2867 papiliones
1355 2791 1390 2847 et

438 2887 588 2951 tentoria
610 2886 708 2966 fixit3
743 2879 796 2949 ³in
825 2885 977 2949 crastino
1009 2903 1091 2949 vero
1122 2882 1177 2947 die
1208 2883 1392 2948 Dominica

437 2986 641 3068 duobusque
677 2985 798 3050 diebus
832 2984 1056 3068 sequentibus
1088 2981 1236 3047 sollicite
1266 3003 1391 3065 procu·

437 3086 530 3150 ravit
561 3104 737 3150 murorum
762 3085 878 3149 diruta
907 3083 1073 3166 reparari,
1101 3083 1162 3146 sed
1194 3083 1269 3146 sine
1297 3084 1391 3148 ealce

437 3192 473 3249 et
490 3192 669 3263 coemento,
691 3192 730 3250 ut
747 3184 1031 3268 qualemcumque
1055 3183 1115 3266 qui
1134 3183 1170 3245 in
1189 3183 1274 3247 urbe
1291 3191 1390 3247 erant

436 3285 659 3349 munitionem
676 3285 850 3350 haberent.

275 3411 425 3451 mosam
490 3385 634 3449 Interim
652 3386 793 3468 quidam
812 3385 856 3448 de
876 3403 1002 3466 genere
1025 3383 1287 3459 Saracenorum,
1309 3382 1393 3446 dicti

274 3464 394 3553 billi?
436 3477 610 3549 ⁴Goridini
644 3492 679 3549 et
712 3485 914 3549 Meuelones
944 3485 987 3548 de
1023 3481 1191 3565 Halapia,
1226 3481 1392 3565 juventus

437 3584 599 3649 videlicet
627 3583 802 3667 expedite,
831 3591 987 3649 mutuum
1016 3583 1123 3646 iniere
1146 3582 1272 3658 foedus,
1301 3601 1393 3645 arro-

438 3692 562 3766 ganter
582 3684 758 3768 jactantes
781 3685 874 3768 quod
906 3703 1021 3764 regem
1043 3681 1242 3758 Ricardum,
1265 3681 1301 3745 in
1328 3700 1392 3745 suo
1454 3670 1457 3674 ⁴

437 3785 587 3849 tentorio
616 3783 912 3866 comprehensum,
945 3788 1197 3865 praesentarent
1228 3781 1321 3844 infra
1346 3781 1393 3844 bi-

437 3884 542 3949 duum
560 3883 736 3948 Saladino.
789 3884 892 3949 Hora
913 3883 1022 3964 igitur
1043 3881 1156 3946 noctis
1179 3881 1292 3944 media
1314 3901 1393 3963 pro·

439 3984 565 4048 cedunt
582 3983 705 4047 armati
727 3984 772 4047 ad
796 3984 887 4047 lunae
912 3982 1144 4065 splendorem,
1163 4001 1267 4064 super
1288 4001 1394 4062 agen·

475 4132 484 4164 ¹
501 4134 539 4184 Or
554 4134 562 4162 ‘
575 4131 844 4196 approperarel’-all
860 4134 902 4184 the
963 4130 973 4162 ³
990 4134 1034 4183 ‘in
1045 4135 1157 4184 crastiua
1168 4133 1370 4184 veroDominica
1380 4134 1396 4194 ;'

439 4205 515 4254 MSS.
525 4201 799 4267 have‘approprisre.’
928 4204 967 4254 M.

962 4273 972 4303 ⁴
990 4274 1111 4324 ‘Gordini
1120 4269 1136 4335 ;’
1150 4275 1188 4323 Μ.
1199 4277 1224 4322 et
1232 4272 1278 4323 Ar.
1290 4289 1296 4321 :
1307 4272 1395 4322 ‘eon-

472 4340 484 4372 '
500 4341 584 4392 ‘intra
593 4343 610 4404 ξ’
622 4339 691 4393 ΙΥΑ.
927 4344 973 4393 dui
982 4344 1000 4404 ς’
1010 4340 1079 4392 D'A.
