3226 5020
437 483 504 552 288
800 500 872 546 mc.
896 499 1042 546 rmvnrr

275 676 407 716 sermm·
438 656 503 720 bus
529 657 716 737 disputatis
738 656 781 719 de
807 656 935 738 populo
957 656 1029 719 Dm
1059 661 1095 718 et
1116 654 1221 729 ultra,
1243 671 1331 736 quas
1357 655 1391 717 in

278 727 399 776 “mm
440 755 546 834 Italia
579 756 781 838 disputavit.
849 755 940 819 Item
969 763 1004 819 et
1030 753 1165 822 tertiam
1193 761 1326 835 partem
1350 755 1393 817 de

438 856 687 938 quaestionibus
715 855 910 938 disputatis
941 874 1087 936 quarum
1110 854 1246 917 initium
1273 863 1327 917 est
1349 854 1392 916 de

440 955 650 1030 Virtutibus,
674 974 761 1037 quas
791 955 983 1036 disputavit
1015 973 1093 1018 cum
1117 953 1267 1017 secundo
1292 952 1391 1016 Pari-

438 1053 499 1117 siis
533 1055 673 1136 legeret.
739 1054 830 1121 Item
866 1054 1118 1136 disputationes
1150 1052 1309 1116 undecim
1348 1053 1391 1115 de

440 1153 616 1232 Quolibet,
640 1173 785 1236 quarum
817 1173 879 1216 sex
910 1153 1067 1228 Parisiis,
1096 1159 1133 1216 et
1154 1151 1307 1234 quinque
1330 1151 1390 1215 de-

440 1255 638 1318 terminavit
649 1255 683 1316 in
707 1253 824 1318 Italia.
870 1252 959 1320 ltem
983 1259 1104 1316 contra
1126 1250 1284 1315 Gentiles
1304 1270 1389 1333 qua-

439 1360 520 1417 tuor
541 1353 647 1416 libros
675 1353 824 1434 scripsit.
878 1351 967 1415 Item
991 1351 1166 1416 Summam
1194 1351 1389 1432 theologiae,

439 1472 543 1535 quam
566 1454 602 1516 in
620 1459 690 1516 tres
711 1459 828 1536 partes
845 1451 972 1527 divisit,
991 1459 1027 1515 et
1048 1450 1233 1515 secundam
1250 1451 1285 1513 in
1303 1450 1390 1513 duas

438 1559 565 1634 partes.
619 1551 735 1615 Morte
763 1559 877 1616 autem
900 1558 1097 1633 praeventus
1123 1552 1260 1614 tertiam
1282 1551 1390 1614 totius

438 1660 474 1716 et
495 1652 651 1716 ultimam
674 1671 742 1715 non
770 1651 967 1733 complevit.
1021 1649 1181 1728 Quatuor
1198 1650 1390 1732 Evangelia

438 1753 641 1815 continuata
657 1752 875 1833 expositione
895 1751 939 1814 de
954 1750 1057 1814 dictis
1078 1757 1276 1813 sanctorum
1299 1750 1391 1830 glos-

437 1851 541 1914 savit.
595 1849 772 1914 Litteralis
796 1851 901 1915 etiam
926 1850 1151 1932 expositionis
1167 1850 1202 1913 in
1223 1849 1246 1913 J
1250 1850 1293 1912 ob
1319 1850 1390 1913 edi-

437 1951 490 2014 dit
518 1950 644 2013 librnm
676 1969 792 2014 unum.
868 1950 978 2031 Super
1007 1949 1198 2031 Epistolam
1231 1969 1314 2014 vero
1338 1951 1390 2028 ¹ud

439 2048 629 2126 Romanos
652 2057 686 2114 et
708 2069 812 2132 super
833 2049 948 2113 decem
971 2049 1125 2131 capitula
1154 2048 1322 2138 Epistolae
1344 2049 1387 2112 ad

440 2148 650 2226 Corinthios
691 2150 773 2214 item
808 2169 914 2232 super
949 2149 1088 2225 Isaiam,
1129 2147 1314 2213 Jeremiam
1354 2160 1389 2213 et

437 2249 595 2313 Threnos
618 2249 776 2332 postillas
808 2249 1024 2332 conscripsit.
1077 2248 1200 2312 Libros
1227 2249 1386 2330 Dionysii

437 2349 480 2412 de
503 2348 641 2412 Divinis
670 2348 889 2425 Nominibus
920 2355 956 2412 et
979 2348 1093 2411 Boetii
1118 2347 1161 2411 de
1188 2348 1388 2412 Hebdoma-

436 2448 538 2512 dibus
565 2449 751 2531 exposuit3
784 2449 843 2512 sed
874 2466 978 2530 super
1007 2447 1132 2511 librum
1163 2447 1317 2531 ejusdem
1347 2449 1389 2512 de

437 2547 609 2612 Trinitate
641 2541 903 2630 expositionem¹
928 2547 1136 2612 'inchoatam
1171 2565 1388 2630 nequaquam

437 2647 591 2730 perfecit.
675 2648 848 2731 Exposuit
879 2647 982 2711 etiam
1013 2647 1119 2710 libros
1156 2647 1390 2728 Philosophiae

438 2747 616 2828 plurimos,
630 2754 717 2829 puta
739 2747 965 2831 Physicomm
989 2747 1094 2810 libros
1112 2754 1191 2811 octo
1207 2747 1388 2830 complete,

439 2844 530 2910 Coeli
555 2854 591 2910 et
617 2845 741 2910 Mundi
772 2849 931 2930 primum,
963 2846 1150 2910 secundum
1183 2853 1219 2911 et
1248 2846 1388 2911 tertium

439 2945 686 3022 Meteororum,
715 2947 863 3028 primum
895 2955 930 3011 et
957 2947 1144 3010 secundum
1177 2947 1220 3010 de
1250 2945 1390 3024 Anima,

437 3046 625 3109 secundum
647 3053 683 3110 et
704 3047 843 3110 tertium
865 3047 908 3110 de
934 3046 1166 3110 Generatione
1190 3054 1226 3110 et
1243 3046 1390 3129 Corrup-

438 3145 543 3221 tione,
565 3145 671 3209 libros
697 3144 783 3210 duos
805 3147 848 3210 de
870 3146 980 3210 Sensu
1010 3154 1045 3210 et
1067 3145 1226 3223 Sensato,
1247 3147 1291 3210 de
1314 3146 1387 3210 Me-

439 3245 546 3312 moria
572 3253 607 3309 et
634 3245 915 3310 Reminiscentia.
966 3243 1181 3310 'Ethicornm
1198 3246 1305 3311 libros
1329 3247 1388 3310 de-

438 3365 532 3423 cem3
569 3345 819 3429 Metaphysicae
849 3344 1051 3425 duodecim;
1084 3346 1190 3409 libros
1215 3346 1390 3411 Posterio-

438 3465 526 3522 rum,
558 3453 594 3509 et
623 3446 769 3526 primum
803 3445 1088 3521 PerihermeniaS,
1115 3445 1389 3529 principiumque

439 3545 581 3609 secundi
614 3544 742 3623 edidit3
766 3553 801 3609 et
826 3551 998 3608 tractatus
1029 3545 1196 3621 diversos,
1230 3555 1317 3627 puta
1347 3546 1389 3610 de

441 3643 538 3720 Fide,
565 3644 645 3726 Spe,
671 3651 705 3708 et
724 3642 892 3721 Caritate,
921 3644 965 3706 ad
989 3643 1129 3707 fratrem
1157 3645 1388 3725 Reginoldum

438 3743 567 3808 socium
592 3763 703 3808 suum.
758 3744 848 3807 Item
879 3743 922 3807 ad
941 3743 1085 3807 eundem
1108 3743 1151 3806 de
1177 3744 1388 3808 Substantiis

437 3844 617 3924 separatis.
675 3844 764 3907 Item
795 3850 916 3908 contra
939 3844 1143 3925 magistrum
1176 3842 1387 3907 Willelmum

437 3943 480 4006 de
510 3943 638 4007 Sancto
673 3941 814 4019 Amore,
841 3951 876 4007 et
905 3944 1149 4026 impugnantes
1191 3942 1388 4024 religionem

473 4167 479 4198 ¹
499 4168 545 4217 Ar.
559 4171 617 4228 220,
634 4168 692 4217 here
711 4168 802 4216 inserts
823 4168 896 4216 ‘eum
959 4163 1153 4217 ’‘amicorum
1187 4168 1276 4230 libros,
1303 4167 1389 4217 decem

436 4233 638 4299 quaestionibus?
925 4239 1120 4300 Metaphysicae,
1131 4239 1197 4287 duos
1212 4239 1290 4287 libros
1302 4237 1390 4287 Poste·

923 4309 1015 4357 riorum
1025 4307 1043 4370 ;’
1056 4305 1123 4358 n'A.
