3226 5020
627 470 809 521 nuununs.
1123 453 1194 518 ,323

232 625 308 708 ejus
331 627 367 692 in
390 629 599 692 monasterio
625 627 895 702 Ambresburiae',
913 645 972 689 cor
998 644 1080 689 vero
1098 625 1189 688 Lun-

232 725 344 789 doniis
366 729 402 791 iu
425 728 571 792 ecclesia
592 729 735 792 fratrum
759 727 945 792 Minorum.
1000 725 1080 796 Rex
1111 745 1192 788 vero

234 833 314 906 post
335 827 460 892 festum
481 827 517 891 S.
536 828 717 892 Michaelis
732 828 856 891 iterum
881 826 1027 890 teudeus
1054 826 1090 888 in
1108 824 1189 888 Sco·

234 927 331 1003 tiam,
348 948 425 991 cum
442 928 635 992 Eboracum
654 927 816 1004 venisset,
837 945 1040 1008 moramque
1057 925 1190 1007 aliqua-

236 1025 301 1089 lem
330 1028 377 1091 ibi
407 1028 556 1105 fecisset,
588 1028 702 1092 Resus
726 1027 818 1090 filius
847 1025 1025 1090 Mereduci
1053 1033 1188 1106 captus,

235 1125 384 1209 illucque
412 1129 592 1205 deductuS,
611 1126 825 1212 judicialiter
846 1134 899 1190 est
929 1125 1188 1190 condemnatus.

237 1223 419 1291 Profectus
449 1229 570 1292 deinde
600 1247 663 1292 rex
694 1227 731 1291 iu
761 1226 928 1300 Scotiam,
961 1226 1119 1290 omuibus
1152 1224 1188 1287 in

236 1345 381 1406 regnum
409 1327 535 1393 Scotiee
557 1328 616 1412 jus
648 1327 904 1392 vindicantibus
939 1325 1116 1408 imposuit,
1150 1332 1188 1388 ut

140 1421 142 1426 ’
237 1425 272 1488 in
303 1426 392 1491 festo
424 1427 460 1491 S.
491 1427 639 1491 Joannis
673 1427 846 1509 Baptistae
880 1425 1039 1508 proximo
1071 1424 1188 1488 futuro

239 1544 354 1589 coram
371 1547 408 1590 se
429 1535 677 1610 comparerent,
701 1536 823 1610 etque
843 1527 924 1609 jure
942 1543 1088 1606 reguum
1104 1523 1189 1588 illud

241 1625 462 1692 vindicabant
487 1627 622 1710 plenius
645 1628 872 1691 declararent.

292 2122 483 2186 Nicotaus
504 2142 596 2208 papa
612 2131 757 2205 quartus
773 2124 863 2188 viam
886 2127 1057 2190 universae
1077 2127 1190 2190 carnis
1204 2144 1278 2184 unu

241 2223 418 2303 ingressus
446 2231 511 2300 est,
533 2223 593 2305 qui
609 2223 727 2305 paullo
745 2231 826 2288 aute
850 2245 966 2307 regem
986 2223 1126 2307 Angliae
1146 2226 1190 2289 ad
1203 2199 1285 2234 “em

241 2323 510 2405 recuperandum
537 2322 680 2386 Terram
704 2323 867 2387 Sanctam
890 2325 1054 2401 invitans,
1070 2325 1189 2389 ducem

242 2429 277 2486 et
299 2423 517 2505 capitaneum
539 2423 691 2485 omnium
707 2425 888 2487 constituit
905 2423 1189 2489 Christianorum.

244 2522 331 2586 Post
352 2522 489 2586 Pascha
516 2522 598 2586 anni
621 2522 776 2605 ejusdem
797 2524 832 2586 in
861 2524 1011 2588 statione
1039 2526 1190 2601 navium,

243 2642 321 2704 quae
344 2622 434 2686 solet
448 2642 524 2686 esse
539 2622 631 2705 apud
649 2622 816 2687 Sanctum
833 2624 1041 2689 Matthaeum
1059 2625 1094 2688 in
1114 2626 1191 2689 Bri·
1288 2693 1292 2699 ,

245 2723 374 2800 tannia,
398 2724 540 2786 suborta
567 2732 619 2787 est
647 2723 888 2787 interuentus
916 2725 1126 2789 Baiouenses
1156 2735 1191 2790 et

246 2822 466 2887 Normaunos
505 2821 689 2898 discordia,
735 2830 983 2907 coeperuntque
1023 2845 1073 2889 se.
1098 2832 1191 2889 terra

138 2974 146 2988 .
243 2923 398 3006 marique
427 2929 546 2986 mutuo
574 2923 800 3004 impugnare:
842 2925 1083 3007 roboratisque
1111 2945 1189 3008 par-

244 3024 336 3086 tibus
354 3023 464 3087 crevit
481 3022 616 3098 seditio,
641 3023 721 3086 dum
740 3024 993 3088 Baiouensibus
1014 3025 1192 3089 adhaerent

245 3120 404 3202 Anglioi3
447 3121 659 3188 Normanuis
698 3143 782 3187 vero
827 3133 942 3188 nautae
976 3126 1093 3201 ceteri,
1133 3127 1191 3209 qui

245 3228 343 3286 orant
370 3221 564 3286 deditione
591 3222 684 3302 regis
716 3223 940 3287 Francorum.
993 3223 1193 3288 Onerautur

240 3321 315 3404 jam
336 3340 443 3386 naves
469 3320 548 3384 hinc
575 3320 654 3384 iude
674 3341 742 3385 non
769 3330 905 3386 tautum
927 3324 1109 3400 mercibuS,
1131 3325 1190 3387 sed

246 3421 361 3498 armiS,
389 3428 425 3485 et
447 3440 517 3504 quo
534 3421 646 3502 magis
669 3415 766 3486 ¹aura
790 3423 957 3505 placidior
980 3423 1191 3488 defervesce-

247 3522 318 3598 bat,
352 3527 463 3586 strato
490 3540 628 3604 aequore
659 3522 773 3600 maris,
814 3531 913 3587 tanto
946 3524 1192 3605 periculosiora

246 3621 467 3685 incurrebant
492 3621 687 3702 naufragia,
717 3642 786 3686 non
813 3623 972 3687 cautibus
993 3623 1106 3700 illisae,
1132 3625 1192 3688 sed

247 3728 457 3804 expugnatae
489 3720 657 3800 violenter
690 3724 733 3786 ab
766 3721 874 3786 hoste.
950 3722 1101 3787 Moritur
1131 3745 1192 3789 rex
1207 3736 1358 3776 riemann

1207 3789 1227 3826 N
1229 3798 1291 3826 assau
1300 3787 1319 3825 ls

247 3820 484 3885 Romanorum
507 3821 725 3904 Radulphus,
760 3821 796 3884 iu
830 3821 930 3906 cujus
961 3842 1192 3887 successorem
1208 3838 1287 3876 e¹eeted

1207 3887 1260 3936 king
1269 3887 1293 3926 of
1299 3886 1335 3924 the

246 3922 376 3986 electus
410 3928 464 3985 est
495 3919 647 3985 Adulfus
676 3941 791 3985 comes
814 3921 856 3985 de
881 3920 1033 3998 Naasso,
1057 3931 1093 3986 et
1121 3924 1195 3986 sine
1208 3939 1350 4028 mam

246 4021 519 4086 contradictione
548 4021 584 4084 in
611 4041 726 4102 regern
757 4019 973 4086 Alemanniae
996 4023 1196 4088 solemniter
1290 3998 1304 4035 p
1352 4013 1356 4022 ’

282 4197 389 4248 ¹‘aura
411 4199 493 4262 magis
515 4199 653 4259 placidiore
680 4198 877 4260 defervescebat,
900 4203 977 4248 strato
1008 4215 1118 4260 aequore,
1145 4215 1198 4247 rna-

247 4271 281 4318 ris
292 4264 352 4328 ira3‘
365 4269 402 4318 M.

1017 4344 1068 4386 r2
