3170 5020
567 511 752 561 aurnuns.
1070 493 1137 558 403

180 667 385 749 praeparatis
404 660 597 748 ¹machinis,
620 667 705 732 illud
726 665 830 732 solito
852 665 976 730 fortius
996 666 1132 749 impug-
1143 680 1239 780 {iffi

183 766 291 832 navit.
360 766 431 845 Qui
465 786 547 831 vero
579 774 731 832 castrum
760 764 1012 842 custodiebant,
1043 765 1215 829 illude-210·

182 864 317 929 fortiter
336 865 572 944 defendentes,
589 861 675 932 cum'
685 864 852 930 machinis
869 863 941 928 suis
963 865 1130 946 plurimos

180 964 391 1030 occiderunt.
452 965 652 1047 Religiosus
684 964 837 1048 quidam,
869 965 929 1046 qui
959 965 1129 1027 obsidioni
1140 976 1280 1066 girmac

179 1063 407 1144 personaliter
422 1062 600 1142 intererat,
613 1063 657 1128 do
671 1083 752 1144 rege
766 1061 907 1144 Angliae
923 1062 989 1126 hoc
1002 1063 1130 1128 referre

180 1162 326 1239 solebat,
342 1162 434 1245 quod
456 1163 511 1227 die
535 1163 685 1247 quadam
702 1182 781 1226 cum
802 1168 954 1225 castrum
971 1161 1128 1226 conside-

180 1260 290 1324 rando
307 1263 535 1344 obequitaret,
553 1281 595 1326 ac
612 1261 763 1344 quodam
783 1261 860 1325 loco
884 1259 974 1323 infra
993 1260 1129 1343 jactum

181 1358 384 1424 balistarum
422 1359 655 1442 obequitando
689 1359 996 1443 appropinquaret,
1027 1359 1129 1442 jacu-

181 1457 253 1520 lum
277 1457 456 1541 quoddam·
466 1457 509 1523 de
531 1466 647 1523 castro
673 1459 848 1535 emissum,
866 1458 1036 1540 superiori
1053 1458 1129 1542 ejus

182 1564 368 1622 armaturae
398 1550 557 1622 ²affixum
588 1558 663 1622 sine
694 1557 767 1620 ulla
794 1556 949 1639 corporis
975 1556 1130 1621 laesione,

182 1653 226 1717 In
243 1655 334 1737 quod
351 1645 546 1722 extractum
563 1677 626 1721 rex
648 1673 835 1738 exspuens,
853 1673 1020 1720 conversa
1041 1654 1130 1719 facie

182 1752 226 1816 ad
241 1761 405 1830 castrum,
423 1755 496 1820 alta
513 1774 597 1820 voce
612 1755 655 1833 ei,
668 1753 729 1838 qui
743 1754 829 1818 illud
845 1755 1018 1832 emiserat,
1031 1753 1131 1837 jacu-

180 1851 252 1916 lum
274 1853 498 1932 ostendendo,
520 1854 742 1938 suspendium
766 1846 991 1918 minabatur.³
1043 1853 1130 1918 Gas-

182 1951 314 2030 tellani,
338 1953 496 2018 videntes
513 1954 726 2018 obsidionem
747 1972 852 2036 super
872 1971 910 2016 se
931 1955 1130 2035 aggravari,

182 2051 383 2116 obtulerunt
397 2060 550 2117 castrum
573 2053 660 2134 regi,
676 2051 783 2115 salvis
802 2052 875 2116 vita
897 2058 932 2115 et
947 2053 1129 2131 membris;

182 2167 224 2212 ac
241 2155 375 2231 postea,
393 2150 596 2233 simpliciter
612 2169 651 2214 se
667 2149 703 2214 in
718 2150 794 2233 ejus
821 2136 936 2230 gratia
950 2157 1130 2230 ponentes.

184 2245 252 2310 Sed
274 2255 398 2312 neutro
421 2248 522 2313 modo
547 2249 658 2313 voluit
679 2266 738 2312 eos
765 2267 827 2311 rex
854 2246 1047 2325 admittere,
1070 2248 1130 2312 sed

184 2352 320 2409 tantum
349 2346 386 2410 in
413 2366 456 2411 ea
484 2347 607 2425 forma,
631 2353 672 2410 ut
697 2366 783 2430 pure
809 2352 845 2409 et
866 2345 1069 2428 simpliciter
1093 2365 1131 2410 se

182 2436 365 2508 *dederent
381 2445 486 2526 regiae
502 2445 684 2510 voluntati.
736 2444 839 2523 Quod
855 2444 937 2508 licet
953 2445 1003 2508 eis
1019 2445 1131 2526 primo

184 2542 359 2607 videretur
384 2542 532 2620 difficile,
556 2551 671 2608 tamen
696 2563 775 2608 cum
800 2543 933 2607 fossata
954 2544 1131 2626 conspice-

184 2648 261 2705 rent
278 2649 371 2708 terra
393 2643 528 2725 impleri
551 2650 586 2707 et
607 2642 734 2725 lapide,
759 2642 940 2724 scalasque
964 2642 1008 2706 ad
1035 2650 1130 2707 tran-

184 2741 398 2805 scensionem
422 2760 611 2818 murorum,
637 2742 696 2824 qui
718 2741 866 2806 assiduis
888 2740 1042 2823 jactibus
1070 2763 1130 2824 pe·

185 2846 316 2903 trarum
338 2843 670 2923 conquassabantur,
690 2841 831 2923 parari;
862 2838 1054 2903 tandemin
1075 2840 1131 2905 die
1144 2855 1251 2895 (incondi-

1142 2906 1209 2945 tlonal
1220 2915 1267 2944 aur·

185 2937 228 3002 B.
256 2938 468 3021 Margaretaa
501 2940 646 3022 virginis
682 2945 835 3005 castrum
868 2938 1062 3016 reddentes
1093 2959 1131 3003 se
1143 2956 1218 3045 3311qu
1229 2955 1255 2994 or

182 3037 274 3119 regis
292 3038 421 3121 placito
444 3039 680 3104 subdiderunt.
733 3038 891 3117 Quorum
913 3039 1130 3120 capitaneum·
1143 3016 1231 3095 abac*

184 3135 398 3201 Willelmum
428 3132 608 3215 iolifardi,
641 3138 785 3202 militem
821 3136 1006 3201 admodum
1042 3145 1130 3202 stre-

184 3254 291 3297 nuum
322 3242 358 3299 et
385 3235 575 3313 cordatum,
600 3237 644 3300 ad
676 3243 826 3300 castrum
862 3235 1131 3313 Londoniarum,

184 3332 336 3415 reliquos
363 3352 444 3397 vero
470 3333 514 3399 ad
540 3335 610 3398 alia
632 3342 748 3399 castra
776 3335 913 3398 diversa
941 3333 1132 3399 transmisit

183 3558 251 3606 omni
267 3558 458 3619 conditionate
471 3535 647 3610 submitterent
708 3556 717 3588 ¹
737 3553 905 3618 ‘machinis;¹
923 3559 1027 3608 omitted
1043 3560 1070 3607 in
1087 3559 1134 3609 Ar.

186 3627 213 3674 in
225 3627 342 3676 omnibus
358 3628 436 3689 regim
449 3628 581 3679 voluntati.
616 3630 648 3678 ln
673 3632 731 3678 220.

186 3695 228 3745 die
240 3697 267 3746 S.
279 3696 386 3757 Georgii
397 3699 556 3758 praecedente
568 3699 647 3760 primo
707 3725 719 3758 ς
735 3731 745 3756 ς
752 3727 855 3777 affimm
866 3732 906 3777 est
915 3722 932 3756 ,υ
946 3727 994 3776 Ar·
1006 3732 1063 3777 220·

186 3766 284 3816 firmata
299 3771 339 3814 est
351 3767 466 3827 obsidio;
484 3767 510 3816 in
530 3783 582 3829 qua
599 3767 648 3817 fuit
915 3763 922 3788 '

185 3839 257 3885 tanta
267 3835 402 3885 multitudo
414 3837 581 3898 ingeniorum,
593 3841 648 3888 tan·
707 3843 718 3874 ³
733 3845 795 3894 This
811 3845 933 3895 anecdota
948 3846 971 3894 is
982 3851 1026 3895 not
1035 3847 1135 3896 noticed

184 3909 212 3952 ta
231 3905 306 3966 copia
326 3905 378 3953 vini
396 3910 422 3954 et
441 3907 600 3968 victualium,
619 3911 649 3956 nt
672 3917 707 3975 by
719 3915 796 3963 Hem.
809 3919 866 3966 2⁰6.

187 3975 282 4036 singuli
293 3975 452 4026 mirarentur.
481 3977 535 4027 Qui
545 3977 572 4024 iu
583 3992 648 4037 prae·
707 4013 741 4044 4,
751 4016 766 4063 d
830 4011 866 4063 ἱ,.
883 4014 904 4064 Α
944 4020 960 4064 2

186 4043 252 4092 sidio
263 4044 340 4092 castri
351 4048 431 4105 erant,
441 4045 506 4094 illud
516 4050 649 4105 coeperunt
769 4030 856 4077 ω’
909 4031 931 4065 '¹
961 4020 1002 4066 ²⁰·

185 4112 293 4161 viriliter
311 4112 479 4177 [defendera]
495 4129 525 4162 ac
536 4115 648 4176 ingenio·
709 4113 720 4144 ⁸
735 4111 878 4176 ‘Olifard3’
887 4117 926 4166 Μ.
939 4118 1054 4179 Perhaps
1066 4120 1136 4170 ‘oli-

185 4195 241 4228 rum
249 4182 322 4241 jactu
328 4182 504 4232 obsidentibus
511 4182 649 4244 plurimum
673 4180 743 4246 lant,
762 4200 790 4234 as
812 4186 862 4235 Mr.
878 4187 966 4247 Tytler
985 4188 1060 4238 reads
1074 4191 1103 4251 it,
1117 4192 1135 4240 i.

185 4245 341 4299 nocuerunt.²
536 4249 539 4255 '
673 4257 731 4303 alo.

959 4348 1031 4392 out
