3240 4988
588 479 823 528 naumis„
1074 437 1080 448 ⁸
1116 465 1179 530 191

222 637 410 702 fortissimo
427 656 526 701 muro
544 636 664 701 cinxit.
718 637 854 701 Exinde
872 655 1077 720 progressus
1094 637 1181 702 ulte-
1193 653 1303 746 gnuog

222 739 307 814 rius,
340 746 493 805 castrum
528 736 621 819 quod
654 737 959 819 Rupes-Monachi
991 738 1130 815 dicitnr,
1159 757 1182 802 a
1215 715 1288 746 Μ
1304 714 1324 752 ⁷'

224 837 401 902 Willelmo
435 837 478 901 de
509 837 682 919 Rupibus,
716 835 932 919 Andegariae
965 838 1181 914 marescallo,

224 939 268 1002 ob
293 937 476 1002 tuitionem
499 937 633 1001 itineris
655 927 904 1015 constructum,
928 937 1085 1018 obsedit3
1119 938 1180 1002 sed

225 1037 470 1120 superveniens
491 1035 687 1101 Lodovicus
710 1037 802 1119 regis
822 1037 1034 1102 Francorum
1056 1031 1182 1120 primo·

224 1140 363 1220 genitas
380 1158 458 1202 curn
476 1137 632 1201 exercitu
652 1137 781 1214 valido,
801 1138 1013 1202 obsidionem
1038 1137 1180 1203 dissolvi

225 1239 351 1320 coegit,
374 1237 690 1320 discedentiumque
721 1257 799 1301 cum
833 1237 1009 1302 celeritate
1037 1237 1180 1320 papilio·

226 1357 286 1402 nes
310 1345 345 1402 et
364 1337 433 1402 alia
455 1337 619 1401 utensilia
641 1331 815 1420 ¹[bellica]
838 1338 1033 1420 occupavit.
1087 1337 1181 1401 Urbs

224 1436 427 1520 Andegavis
458 1438 533 1518 regi
565 1435 760 1518 Anglorum
796 1437 902 1502 infida
938 1435 1113 1502 Lodovico
1143 1456 1181 1500 se

226 1536 387 1614 reddidit,
411 1538 470 1621 qui
496 1555 613 1600 muros
635 1537 723 1619 ejus,
752 1537 888 1601 noviter
912 1543 1130 1602 constructos
1160 1555 1182 1600 a

226 1656 320 1719 rege,
339 1637 383 1700 ad
402 1638 515 1701 solum
531 1637 671 1701 diruens
693 1637 938 1719 complanavit.
984 1636 1181 1702 Attendens

226 1745 341 1803 autem
372 1735 564 1818 Anglorum
598 1755 661 1800 rex
695 1736 920 1802 Pictavenses
950 1743 986 1801 et
1016 1735 1180 1818 Andega·

228 1855 349 1901 venses
375 1837 453 1920 plus
476 1837 567 1919 parti
591 1835 804 1901 Gallicorum
828 1856 933 1921 quam
956 1857 1029 1901 suae
1052 1836 1181 1914 lavere,

226 1935 261 2000 in
284 1944 426 2019 treugas
457 1936 742 2019 quinquennales,
776 1956 798 2000 a
827 1956 909 2019 rege
937 1937 1095 2002 Francia
1120 1956 1183 2019 per

227 2037 419 2102 Rohertum
441 2035 571 2102 domini
594 2055 694 2119 papae
717 2037 871 2119 legatum
897 2045 933 2101 et
956 2037 1181 2119 Ranulphum

226 2139 386 2202 comitem
408 2135 553 2202 Cestriae
575 2138 791 2219 impetratas,
813 2137 998 2201 consensit.
1051 2137 1181 2200 Eodem

226 2255 318 2302 nnnc
331 2237 437 2315 Otho,
453 2239 497 2302 ab
514 2236 657 2318 imperio
671 2237 802 2320 judicio
818 2236 972 2300 ecclesiae
990 2237 1181 2319 depositae,

227 2338 408 2401 associatis
424 2337 490 2401 sibi
506 2336 593 2400 duce
609 2337 810 2401 Brabantiae
830 2354 871 2399 ac
890 2336 1073 2401 comitibus
1094 2355 1180 2400 non-

227 2437 344 2515 nullis,
368 2455 445 2501 onm
471 2435 633 2519 Philippo
651 2455 733 2517 rege
758 2436 971 2500 Francorum
994 2435 1087 2517 apud
1110 2435 1180 2499 Bo-

226 2539 326 2602 vinas
354 2555 573 2618 congressus,
599 2543 634 2600 et
660 2535 801 2600 inferior
824 2535 950 2612 iactus,
978 2554 1050 2598 suae
1075 2535 1181 2599 saluti

156 2713 161 2726 Α
228 2637 403 2702 consuluit
433 2635 608 2718 fugiendo.
673 2634 777 2718 Capti
807 2643 889 2700 sunt
919 2655 941 2700 a
970 2634 1116 2700 Gallicis
1144 2636 1181 2699 in

227 2735 292 2800 hoc
316 2737 437 2820 praelio
455 2736 598 2801 comites
617 2735 815 2800 Ferrandns
838 2735 1073 2812 Flandrensis,
1090 2734 1181 2800 Wil-

226 2836 350 2901 lelmus
374 2837 417 2900 de
442 2835 685 2918 Longa-spata
708 2835 990 2913 Saresberiensis,
1015 2843 1051 2900 et
1074 2836 1181 2917 Regi-

229 2936 352 3000 naldns
373 2937 416 3000 do
438 2937 680 3002 Dammartino
699 2937 929 3014 Boloniensis,
953 2936 1064 3002 etalii
1082 2935 1181 3000 multi

228 3037 356 3101 milites
371 3044 407 3101 et
422 3037 579 3101 barones.

278 3136 377 3201 Obiit
394 3135 591 3200 Willelmus
617 3136 660 3199 de
685 3134 861 3213 Glanvile,
887 3134 1070 3219 episcopus
1096 3135 1183 3199 Rof-

228 3236 350 3300 fensis:
370 3235 543 3301 Ricardus
554 3236 706 3300 decanus
721 3236 844 3300 Sarum
857 3235 894 3298 in
905 3229 1182 3312 ²Cicestrensem,

228 3344 263 3400 et
286 3333 464 3400 Walterus
486 3335 713 3400 cancellarius
733 3336 827 3419 regis
848 3335 885 3398 in
901 3333 1182 3416 Wigorniensem

227 3437 408 3519 episcopos
423 3443 682 3500 consecrantur.

245 3649 271 3687 l).
283 3651 309 3686 ll·
321 3649 341 3686 J.
351 3651 374 3687 0.
461 3651 484 3686 Ρ.
496 3650 660 3686 ROMANORUM
672 3651 698 3686 lt.
806 3648 959 3684 PRANGOBUM
1013 3647 1153 3683 ANGLollUM

257 3737 350 3774 manv.
387 3737 535 3775 ruuocsrmr
547 3738 588 3774 ιιι.
599 3737 733 3774 rannerucr
746 3737 774 3773 ιι.
810 3735 921 3772 rurmrrr
932 3736 961 3772 11.
1031 3735 1136 3792 Jonrrus

467 3799 507 3845 17.
671 3799 696 3844 4.
864 3796 905 3843 84.
1066 3794 1105 3841 16.

280 3947 386 4012 Orno
422 3947 629 4012 adversante
665 3949 730 4013 sibi
765 3948 906 4013 fortuna
940 3955 1019 4031 post
1056 3949 1185 4014 bellum
1199 3973 1336 4064 negarine·

229 4048 322 4132 quod
349 4049 392 4112 ad
417 4047 570 4114 Bovinas
593 4050 813 4114 commissum
840 4056 905 4126 est,
932 4049 968 4113 in
996 4049 1183 4114 Saxoniam
1197 4025 1346 4114 inni⁰⁸ffl⁰¹

335 4275 591 4326 ιΤΙιὶιιίιιῐιιιιιιιίι.
694 4271 700 4342 Ι
750 4271 1054 4338 '‘Cistrensem3'D’A.
