<?xml version="1.0" encoding="UTF-8"?>
<!DOCTYPE html PUBLIC "-//W3C//DTD XHTML 1.0 Transitional//EN"
    "http://www.w3.org/TR/xhtml1/DTD/xhtml1-transitional.dtd">
<html xmlns="http://www.w3.org/1999/xhtml" xml:lang="en" lang="en">
 <head>
  <title>
</title>
<meta http-equiv="Content-Type" content="text/html;charset=utf-8" />
  <meta name='ocr-system' content='tesseract 3.04.00' />
  <meta name='ocr-capabilities' content='ocr_page ocr_carea ocr_par ocr_line ocrx_word'/>
</head>
<body>
  <div class='ocr_page' id='page_1' title='image "./fnicholaitrivet00socigoog/fnicholaitrivet00socigoog_0085.png"; bbox 0 0 3180 5026; ppageno 0'>
   <div class='ocr_carea' id='block_1_1' title="bbox 591 511 1156 574">
    <p class='ocr_par' dir='ltr' id='par_1_1' title="bbox 591 511 1156 574">
     <span class='ocr_line' id='line_1_1' title="bbox 591 511 1156 574; baseline 0.009 -5"><span class='ocrx_word' id='word_1_1' title='bbox 591 522 770 572; x_wconf 71' lang='lat' dir='ltr'><strong>nunnius.</strong></span> <span class='ocrx_word' id='word_1_2' title='bbox 1112 511 1156 574; x_wconf 82' lang='lat'><strong>53</strong></span> 
     </span>
    </p>
   </div>
   <div class='ocr_carea' id='block_1_2' title="bbox 115 677 1154 2059">
    <p class='ocr_par' dir='ltr' id='par_1_2' title="bbox 115 677 1154 2059">
     <span class='ocr_line' id='line_1_2' title="bbox 200 677 1154 764; baseline 0.009 -24"><span class='ocrx_word' id='word_1_3' title='bbox 200 678 371 760; x_wconf 89' lang='lat' dir='ltr'><strong>usquead</strong></span> <span class='ocrx_word' id='word_1_4' title='bbox 389 677 596 761; x_wconf 83' lang='lat' dir='ltr'>papilionem</span> <span class='ocrx_word' id='word_1_5' title='bbox 615 682 790 764; x_wconf 91' lang='lat' dir='ltr'><strong>proprium</strong></span> <span class='ocrx_word' id='word_1_6' title='bbox 805 682 1032 748; x_wconf 85' lang='lat' dir='ltr'><strong>deduxerunt.</strong></span> <span class='ocrx_word' id='word_1_7' title='bbox 1074 682 1154 762; x_wconf 88' lang='lat' dir='ltr'><strong>Quo</strong></span> 
     </span>
     <span class='ocr_line' id='line_1_3' title="bbox 201 778 1154 866; baseline 0.009 -27"><span class='ocrx_word' id='word_1_8' title='bbox 201 778 388 855; x_wconf 79' lang='lat' dir='ltr'><strong>mediante,</strong></span> <span class='ocrx_word' id='word_1_9' title='bbox 415 779 553 844; x_wconf 84' lang='lat' dir='ltr'><strong>favente</strong></span> <span class='ocrx_word' id='word_1_10' title='bbox 580 781 743 859; x_wconf 89' lang='lat' dir='ltr'><strong>Domino,</strong></span> <span class='ocrx_word' id='word_1_11' title='bbox 767 783 857 846; x_wconf 89' lang='lat' dir='ltr'><strong>inter</strong></span> <span class='ocrx_word' id='word_1_12' title='bbox 887 802 985 865; x_wconf 85' lang='lat' dir='ltr'><strong>reges</strong></span> <span class='ocrx_word' id='word_1_13' title='bbox 1015 801 1087 866; x_wconf 82' lang='lat' dir='ltr'><strong>pax</strong></span> <span class='ocrx_word' id='word_1_14' title='bbox 1117 791 1154 848; x_wconf 91' lang='lat' dir='ltr'><strong>et</strong></span> 
     </span>
     <span class='ocr_line' id='line_1_4' title="bbox 201 878 1151 961; baseline 0.009 -22"><span class='ocrx_word' id='word_1_15' title='bbox 201 878 387 941; x_wconf 90' lang='lat' dir='ltr'><strong>concordia</strong></span> <span class='ocrx_word' id='word_1_16' title='bbox 399 878 641 945; x_wconf 87' lang='lat' dir='ltr'><strong>reformantur.</strong></span> <span class='ocrx_word' id='word_1_17' title='bbox 671 880 752 945; x_wconf 91' lang='lat' dir='ltr'><strong>Hoc</strong></span> <span class='ocrx_word' id='word_1_18' title='bbox 764 882 1049 961; x_wconf 90' lang='lat' dir='ltr'><strong>annoHenricus,</strong></span> <span class='ocrx_word' id='word_1_19' title='bbox 1060 883 1151 949; x_wconf 91' lang='lat' dir='ltr'><strong>filius</strong></span> 
     </span>
     <span class='ocr_line' id='line_1_5' title="bbox 200 977 1151 1064; baseline 0.006 -24"><span class='ocrx_word' id='word_1_20' title='bbox 200 977 296 1059; x_wconf 83' lang='lat' dir='ltr'><strong>regis</strong></span> <span class='ocrx_word' id='word_1_21' title='bbox 318 977 511 1060; x_wconf 88' lang='lat' dir='ltr'><strong>Anglorum</strong></span> <span class='ocrx_word' id='word_1_22' title='bbox 535 981 720 1062; x_wconf 70' lang='lat' dir='ltr'><strong>septennis</strong></span> <span class='ocrx_word' id='word_1_23' title='bbox 739 983 834 1064; x_wconf 90' lang='lat' dir='ltr'><strong>prius</strong></span> <span class='ocrx_word' id='word_1_24' title='bbox 861 983 896 1045; x_wconf 91' lang='lat' dir='ltr'><strong>in</strong></span> <span class='ocrx_word' id='word_1_25' title='bbox 922 983 1151 1060; x_wconf 91' lang='lat' dir='ltr'><strong>Normaunia,</strong></span> 
     </span>
     <span class='ocr_line' id='line_1_6' title="bbox 201 1078 1152 1162; baseline 0.008 -23"><span class='ocrx_word' id='word_1_26' title='bbox 201 1081 236 1140; x_wconf 88' lang='lat' dir='ltr'><strong>et</strong></span> <span class='ocrx_word' id='word_1_27' title='bbox 254 1085 376 1159; x_wconf 88' lang='lat' dir='ltr'><strong>postea</strong></span> <span class='ocrx_word' id='word_1_28' title='bbox 397 1079 433 1141; x_wconf 91' lang='lat' dir='ltr'><strong>in</strong></span> <span class='ocrx_word' id='word_1_29' title='bbox 448 1078 592 1161; x_wconf 84' lang='lat' dir='ltr'><strong>Anglia,</strong></span> <span class='ocrx_word' id='word_1_30' title='bbox 615 1079 776 1162; x_wconf 81' lang='lat' dir='ltr'><strong>homagia</strong></span> <span class='ocrx_word' id='word_1_31' title='bbox 798 1089 833 1146; x_wconf 90' lang='lat' dir='ltr'><strong>et</strong></span> <span class='ocrx_word' id='word_1_32' title='bbox 847 1081 1029 1147; x_wconf 87' lang='lat' dir='ltr'><strong>fidelitates</strong></span> <span class='ocrx_word' id='word_1_33' title='bbox 1051 1084 1152 1147; x_wconf 89' lang='lat' dir='ltr'><strong>haro-</strong></span> 
     </span>
     <span class='ocr_line' id='line_1_7' title="bbox 200 1176 1150 1263; baseline 0.009 -25"><span class='ocrx_word' id='word_1_34' title='bbox 200 1196 283 1238; x_wconf 89' lang='lat' dir='ltr'><strong>num</strong></span> <span class='ocrx_word' id='word_1_35' title='bbox 311 1176 526 1263; x_wconf 80' lang='lat' dir='ltr'><strong>militumque</strong></span> <span class='ocrx_word' id='word_1_36' title='bbox 551 1181 714 1263; x_wconf 83' lang='lat' dir='ltr'><strong>suscepit.</strong></span> <span class='ocrx_word' id='word_1_37' title='bbox 765 1181 962 1246; x_wconf 88' lang='lat' dir='ltr'><strong>Willelmus</strong></span> <span class='ocrx_word' id='word_1_38' title='bbox 988 1182 1150 1247; x_wconf 88' lang='lat' dir='ltr'><strong>Dallinus</strong></span> 
     </span>
     <span class='ocr_line' id='line_1_8' title="bbox 199 1276 1149 1366; baseline 0.006 -27"><span class='ocrx_word' id='word_1_39' title='bbox 199 1283 235 1340; x_wconf 93' lang='lat' dir='ltr'><strong>et</strong></span> <span class='ocrx_word' id='word_1_40' title='bbox 263 1276 512 1366; x_wconf 75' lang='lat' dir='ltr'><strong>Forojuliensis</strong></span> <span class='ocrx_word' id='word_1_41' title='bbox 534 1280 677 1344; x_wconf 82' lang='lat' dir='ltr'><strong>comites</strong></span> <span class='ocrx_word' id='word_1_42' title='bbox 701 1280 823 1345; x_wconf 83' lang='lat' dir='ltr'><strong>fraude</strong></span> <span class='ocrx_word' id='word_1_43' title='bbox 850 1281 1025 1346; x_wconf 84' lang='lat' dir='ltr'><strong>civitatem</strong></span> <span class='ocrx_word' id='word_1_44' title='bbox 1055 1281 1149 1363; x_wconf 81' lang='lat' dir='ltr'><strong>Lug·</strong></span> 
     </span>
     <span class='ocr_line' id='line_1_9' title="bbox 115 1375 1149 1463; baseline 0.007 -26"><span class='ocrx_word' id='word_1_45' title='bbox 115 1379 117 1384; x_wconf 83' lang='grc'>’</span> <span class='ocrx_word' id='word_1_46' title='bbox 196 1375 389 1439; x_wconf 90' lang='lat' dir='ltr'><strong>dunensem</strong></span> <span class='ocrx_word' id='word_1_47' title='bbox 409 1377 667 1462; x_wconf 83' lang='lat' dir='ltr'><strong>archiepiscopo</strong></span> <span class='ocrx_word' id='word_1_48' title='bbox 688 1381 918 1458; x_wconf 88' lang='lat' dir='ltr'><strong>abstulerunt,</strong></span> <span class='ocrx_word' id='word_1_49' title='bbox 946 1400 1050 1463; x_wconf 91' lang='lat' dir='ltr'><strong>quam</strong></span> <span class='ocrx_word' id='word_1_50' title='bbox 1072 1401 1149 1445; x_wconf 93' lang='lat' dir='ltr'><strong>cum</strong></span> 
     </span>
     <span class='ocr_line' id='line_1_10' title="bbox 198 1474 1149 1562; baseline 0.008 -25"><span class='ocrx_word' id='word_1_51' title='bbox 198 1474 290 1538; x_wconf 90' lang='lat' dir='ltr'><strong>idem</strong></span> <span class='ocrx_word' id='word_1_52' title='bbox 319 1476 596 1560; x_wconf 80' lang='lat' dir='ltr'><strong>archiepiscopus</strong></span> <span class='ocrx_word' id='word_1_53' title='bbox 624 1499 686 1562; x_wconf 90' lang='lat' dir='ltr'><strong>per</strong></span> <span class='ocrx_word' id='word_1_54' title='bbox 716 1499 832 1562; x_wconf 88' lang='lat' dir='ltr'><strong>regem</strong></span> <span class='ocrx_word' id='word_1_55' title='bbox 860 1481 1072 1544; x_wconf 78' lang='lat' dir='ltr'><strong>Francorum</strong></span> <span class='ocrx_word' id='word_1_56' title='bbox 1100 1501 1149 1546; x_wconf 89' lang='lat' dir='ltr'><strong>re·</strong></span> 
     </span>
     <span class='ocr_line' id='line_1_11' title="bbox 199 1573 1148 1663; baseline 0.009 -27"><span class='ocrx_word' id='word_1_57' title='bbox 199 1573 327 1639; x_wconf 88' lang='lat' dir='ltr'><strong>habere</strong></span> <span class='ocrx_word' id='word_1_58' title='bbox 348 1596 417 1640; x_wconf 94' lang='lat' dir='ltr'><strong>non</strong></span> <span class='ocrx_word' id='word_1_59' title='bbox 439 1585 557 1659; x_wconf 88' lang='lat' dir='ltr'><strong>posset</strong></span> <span class='ocrx_word' id='word_1_60' title='bbox 571 1579 615 1642; x_wconf 88' lang='lat' dir='ltr'><strong>ad</strong></span> <span class='ocrx_word' id='word_1_61' title='bbox 637 1579 878 1663; x_wconf 78' lang='lat' dir='ltr'><strong>imperatorem</strong></span> <span class='ocrx_word' id='word_1_62' title='bbox 902 1599 940 1644; x_wconf 86' lang='lat' dir='ltr'><strong>se</strong></span> <span class='ocrx_word' id='word_1_63' title='bbox 960 1580 1148 1660; x_wconf 80' lang='lat' dir='ltr'><strong>transtulit,</strong></span> 
     </span>
     <span class='ocr_line' id='line_1_12' title="bbox 200 1675 1149 1759; baseline 0.009 -23"><span class='ocrx_word' id='word_1_64' title='bbox 200 1675 262 1757; x_wconf 93' lang='lat' dir='ltr'><strong>qui</strong></span> <span class='ocrx_word' id='word_1_65' title='bbox 284 1675 393 1740; x_wconf 89' lang='lat' dir='ltr'><strong>eidem</strong></span> <span class='ocrx_word' id='word_1_66' title='bbox 415 1678 615 1759; x_wconf 83' lang='lat' dir='ltr'><strong>praedictam</strong></span> <span class='ocrx_word' id='word_1_67' title='bbox 633 1680 785 1744; x_wconf 88' lang='lat' dir='ltr'><strong>restituit</strong></span> <span class='ocrx_word' id='word_1_68' title='bbox 802 1680 989 1745; x_wconf 81' lang='lat' dir='ltr'><strong>civitatem.</strong></span> <span class='ocrx_word' id='word_1_69' title='bbox 1042 1681 1089 1745; x_wconf 91' lang='lat' dir='ltr'><strong>Et</strong></span> <span class='ocrx_word' id='word_1_70' title='bbox 1104 1700 1149 1745; x_wconf 85' lang='lat' dir='ltr'><strong>ex</strong></span> 
     </span>
     <span class='ocr_line' id='line_1_13' title="bbox 199 1775 1148 1864; baseline 0.006 -26"><span class='ocrx_word' id='word_1_71' title='bbox 199 1783 283 1838; x_wconf 87' lang='lat' dir='ltr'><strong>tunc</strong></span> <span class='ocrx_word' id='word_1_72' title='bbox 306 1775 584 1864; x_wconf 74' lang='lat' dir='ltr'><strong>archiepiscopus</strong></span> <span class='ocrx_word' id='word_1_73' title='bbox 606 1779 783 1844; x_wconf 87' lang='lat' dir='ltr'><strong>civitatem</strong></span> <span class='ocrx_word' id='word_1_74' title='bbox 802 1779 844 1844; x_wconf 88' lang='lat' dir='ltr'><strong>de</strong></span> <span class='ocrx_word' id='word_1_75' title='bbox 865 1781 1073 1863; x_wconf 87' lang='lat' dir='ltr'><strong>imperatore</strong></span> <span class='ocrx_word' id='word_1_76' title='bbox 1097 1789 1148 1844; x_wconf 90' lang='lat' dir='ltr'><strong>te·</strong></span> 
     </span>
     <span class='ocr_line' id='line_1_14' title="bbox 198 1875 1148 1958; baseline 0.007 -21"><span class='ocrx_word' id='word_1_77' title='bbox 198 1875 296 1955; x_wconf 88' lang='lat' dir='ltr'><strong>nuit;</strong></span> <span class='ocrx_word' id='word_1_78' title='bbox 321 1877 478 1958; x_wconf 89' lang='lat' dir='ltr'><strong>quamvis</strong></span> <span class='ocrx_word' id='word_1_79' title='bbox 501 1880 588 1942; x_wconf 89' lang='lat' dir='ltr'><strong>citra</strong></span> <span class='ocrx_word' id='word_1_80' title='bbox 611 1878 795 1943; x_wconf 90' lang='lat' dir='ltr'><strong>Rodanum</strong></span> <span class='ocrx_word' id='word_1_81' title='bbox 818 1880 897 1957; x_wconf 87' lang='lat' dir='ltr'><strong>sita,</strong></span> <span class='ocrx_word' id='word_1_82' title='bbox 919 1880 1078 1945; x_wconf 86' lang='lat' dir='ltr'><strong>videatur</strong></span> <span class='ocrx_word' id='word_1_83' title='bbox 1106 1880 1148 1944; x_wconf 87' lang='lat' dir='ltr'><strong>ad</strong></span> 
     </span>
     <span class='ocr_line' id='line_1_15' title="bbox 197 1969 705 2059; baseline 0.006 -21"><span class='ocrx_word' id='word_1_84' title='bbox 197 1969 331 2056; x_wconf 82' lang='lat' dir='ltr'><strong>regem¹</strong></span> <span class='ocrx_word' id='word_1_85' title='bbox 353 1976 509 2041; x_wconf 83' lang='lat' dir='ltr'><strong>Franciae</strong></span> <span class='ocrx_word' id='word_1_86' title='bbox 523 1979 705 2059; x_wconf 88' lang='lat' dir='ltr'><strong>pertinere.</strong></span> 
     </span>
    </p>
   </div>
   <div class='ocr_carea' id='block_1_3' title="bbox 204 2192 1129 2413">
    <p class='ocr_par' dir='ltr' id='par_1_3' title="bbox 204 2192 1129 2413">
     <span class='ocr_line' id='line_1_16' title="bbox 212 2201 1123 2243; baseline 0.009 -9"><span class='ocrx_word' id='word_1_87' title='bbox 212 2201 238 2235; x_wconf 72' lang='lat'><strong>1),</strong></span> <span class='ocrx_word' id='word_1_88' title='bbox 252 2201 277 2236; x_wconf 81' lang='lat' dir='ltr'><strong>N.</strong></span> <span class='ocrx_word' id='word_1_89' title='bbox 289 2201 342 2238; x_wconf 72' lang='grc'>,1.0.</span> <span class='ocrx_word' id='word_1_90' title='bbox 435 2205 458 2240; x_wconf 82' lang='grc' dir='ltr'><strong>Ρ.</strong></span> <span class='ocrx_word' id='word_1_91' title='bbox 471 2205 633 2241; x_wconf 74' lang='lat' dir='ltr'>ROMANORUM</span> <span class='ocrx_word' id='word_1_92' title='bbox 646 2207 672 2242; x_wconf 76' lang='lat' dir='ltr'><strong>R.</strong></span> <span class='ocrx_word' id='word_1_93' title='bbox 780 2206 932 2243; x_wconf 71' lang='lat' dir='ltr'>PBANOORUM</span> <span class='ocrx_word' id='word_1_94' title='bbox 984 2207 1123 2242; x_wconf 71' lang='lat' dir='ltr'>ANGLORUM</span> 
     </span>
     <span class='ocr_line' id='line_1_17' title="bbox 204 2192 1129 2413; baseline 0.005 -87"><span class='ocrx_word' id='word_1_95' title='bbox 204 2258 345 2328; x_wconf 60' lang='lat' dir='ltr'>ffi</span> <span class='ocrx_word' id='word_1_96' title='bbox 364 2291 508 2328; x_wconf 69' lang='lat' dir='ltr'><strong>Amanum</strong></span> <span class='ocrx_word' id='word_1_97' title='bbox 520 2293 561 2329; x_wconf 88' lang='lat'>111.</span> <span class='ocrx_word' id='word_1_98' title='bbox 579 2293 711 2328; x_wconf 73' lang='lat' dir='ltr'><strong>sanamur</strong></span> <span class='ocrx_word' id='word_1_99' title='bbox 723 2192 963 2413; x_wconf 88' lang='lat'><strong>1.</strong></span> <span class='ocrx_word' id='word_1_100' title='bbox 981 2294 1086 2330; x_wconf 69' lang='lat' dir='ltr'><strong>hartmot</strong></span> <span class='ocrx_word' id='word_1_101' title='bbox 1099 2295 1129 2331; x_wconf 87' lang='lat'><strong>11.</strong></span> 
     </span>
     <span class='ocr_line' id='line_1_18' title="bbox 387 2354 1069 2398; baseline -0.003 1"><span class='ocrx_word' id='word_1_102' title='bbox 387 2377 390 2382; x_wconf 43' lang='lat'>¹</span> <span class='ocrx_word' id='word_1_103' title='bbox 467 2382 474 2398; x_wconf 83' lang='grc'><strong>.</strong></span> <span class='ocrx_word' id='word_1_104' title='bbox 838 2354 879 2398; x_wconf 74' lang='grc'><strong>26.</strong></span> <span class='ocrx_word' id='word_1_105' title='bbox 1062 2385 1069 2397; x_wconf 89' lang='grc'><strong>.</strong></span> 
     </span>
    </p>
   </div>
   <div class='ocr_carea' id='block_1_4' title="bbox 192 2480 1290 3165">
    <p class='ocr_par' dir='ltr' id='par_1_4' title="bbox 192 2480 1290 3165">
     <span class='ocr_line' id='line_1_19' title="bbox 249 2480 1235 2565; baseline 0.002 -21"><span class='ocrx_word' id='word_1_106' title='bbox 249 2480 384 2545; x_wconf 80' lang='lat' dir='ltr'><strong>Mnusn</strong></span> <span class='ocrx_word' id='word_1_107' title='bbox 413 2481 595 2559; x_wconf 88' lang='lat' dir='ltr'><strong>Januario,</strong></span> <span class='ocrx_word' id='word_1_108' title='bbox 625 2482 799 2547; x_wconf 87' lang='lat' dir='ltr'><strong>Henricus</strong></span> <span class='ocrx_word' id='word_1_109' title='bbox 828 2501 889 2545; x_wconf 85' lang='lat' dir='ltr'><strong>rex</strong></span> <span class='ocrx_word' id='word_1_110' title='bbox 920 2481 955 2545; x_wconf 90' lang='lat' dir='ltr'><strong>in</strong></span> <span class='ocrx_word' id='word_1_111' title='bbox 982 2481 1145 2565; x_wconf 81' lang='lat' dir='ltr'><strong>Angliam</strong></span> <span class='ocrx_word' id='word_1_112' title='bbox 1160 2505 1235 2546; x_wconf 64' lang='lat' dir='ltr'><strong>mxu</strong></span> 
     </span>
     <span class='ocr_line' id='line_1_20' title="bbox 196 2561 1241 2648; baseline 0.003 -4"><span class='ocrx_word' id='word_1_113' title='bbox 196 2575 448 2646; x_wconf 82' lang='lat' dir='ltr'><strong>transfretavit.</strong></span> <span class='ocrx_word' id='word_1_114' title='bbox 500 2583 676 2646; x_wconf 88' lang='lat' dir='ltr'><strong>Robertus</strong></span> <span class='ocrx_word' id='word_1_115' title='bbox 699 2582 741 2645; x_wconf 91' lang='lat' dir='ltr'><strong>de</strong></span> <span class='ocrx_word' id='word_1_116' title='bbox 765 2581 969 2646; x_wconf 89' lang='lat' dir='ltr'><strong>Montesorti</strong></span> <span class='ocrx_word' id='word_1_117' title='bbox 992 2581 1035 2648; x_wconf 78' lang='lat' dir='ltr'><strong>et&#39;</strong></span> <span class='ocrx_word' id='word_1_118' title='bbox 1049 2561 1241 2647; x_wconf 63' lang='lat' dir='ltr'><strong>Heu-‘&#39;⁶³²&#39;&#39;</strong></span> 
     </span>
     <span class='ocr_line' id='line_1_21' title="bbox 198 2681 1147 2765; baseline 0.004 -21"><span class='ocrx_word' id='word_1_119' title='bbox 198 2682 290 2745; x_wconf 91' lang='lat' dir='ltr'><strong>ricus</strong></span> <span class='ocrx_word' id='word_1_120' title='bbox 321 2681 364 2745; x_wconf 88' lang='lat' dir='ltr'><strong>de</strong></span> <span class='ocrx_word' id='word_1_121' title='bbox 394 2681 541 2746; x_wconf 87' lang='lat' dir='ltr'><strong>Essexia</strong></span> <span class='ocrx_word' id='word_1_122' title='bbox 566 2682 681 2746; x_wconf 90' lang='lat' dir='ltr'><strong>duello</strong></span> <span class='ocrx_word' id='word_1_123' title='bbox 712 2682 943 2759; x_wconf 82' lang='lat' dir='ltr'><strong>decertarunt,</strong></span> <span class='ocrx_word' id='word_1_124' title='bbox 973 2703 1036 2765; x_wconf 93' lang='lat' dir='ltr'><strong>pro</strong></span> <span class='ocrx_word' id='word_1_125' title='bbox 1063 2683 1147 2765; x_wconf 81' lang='lat' dir='ltr'><strong>fuga</strong></span> 
     </span>
     <span class='ocr_line' id='line_1_22' title="bbox 196 2775 1147 2864; baseline 0.002 -20"><span class='ocrx_word' id='word_1_126' title='bbox 196 2781 310 2864; x_wconf 89' lang='lat' dir='ltr'><strong>praelii</strong></span> <span class='ocrx_word' id='word_1_127' title='bbox 330 2788 452 2846; x_wconf 91' lang='lat' dir='ltr'><strong>contra</strong></span> <span class='ocrx_word' id='word_1_128' title='bbox 470 2775 703 2860; x_wconf 82' lang='lat' dir='ltr'><strong>²Gualenses3</strong></span> <span class='ocrx_word' id='word_1_129' title='bbox 727 2782 762 2845; x_wconf 95' lang='lat' dir='ltr'><strong>in</strong></span> <span class='ocrx_word' id='word_1_130' title='bbox 780 2801 848 2864; x_wconf 93' lang='lat' dir='ltr'><strong>quo</strong></span> <span class='ocrx_word' id='word_1_131' title='bbox 865 2781 954 2846; x_wconf 91' lang='lat' dir='ltr'><strong>idem</strong></span> <span class='ocrx_word' id='word_1_132' title='bbox 971 2782 1147 2846; x_wconf 89' lang='lat' dir='ltr'><strong>Henricns</strong></span> 
     </span>
     <span class='ocr_line' id='line_1_23' title="bbox 197 2881 1148 2963; baseline 0.002 -18"><span class='ocrx_word' id='word_1_133' title='bbox 197 2881 361 2945; x_wconf 88' lang='lat' dir='ltr'><strong>deficiens</strong></span> <span class='ocrx_word' id='word_1_134' title='bbox 377 2881 608 2946; x_wconf 87' lang='lat' dir='ltr'><strong>exheredatus</strong></span> <span class='ocrx_word' id='word_1_135' title='bbox 631 2888 696 2960; x_wconf 88' lang='lat' dir='ltr'><strong>est,</strong></span> <span class='ocrx_word' id='word_1_136' title='bbox 721 2888 756 2946; x_wconf 90' lang='lat' dir='ltr'><strong>et</strong></span> <span class='ocrx_word' id='word_1_137' title='bbox 771 2881 956 2963; x_wconf 85' lang='lat' dir='ltr'><strong>Radingiae</strong></span> <span class='ocrx_word' id='word_1_138' title='bbox 977 2881 1014 2944; x_wconf 90' lang='lat' dir='ltr'><strong>in</strong></span> <span class='ocrx_word' id='word_1_139' title='bbox 1030 2902 1148 2948; x_wconf 88' lang='lat' dir='ltr'><strong>mona·</strong></span> 
     </span>
     <span class='ocr_line' id='line_1_24' title="bbox 194 2980 1146 3064; baseline 0.001 -18"><span class='ocrx_word' id='word_1_140' title='bbox 194 2981 297 3046; x_wconf 94' lang='lat' dir='ltr'><strong>chum</strong></span> <span class='ocrx_word' id='word_1_141' title='bbox 314 2988 525 3046; x_wconf 71' lang='lat' dir='ltr'><strong>tonsoratus,</strong></span> <span class='ocrx_word' id='word_1_142' title='bbox 576 2980 759 3045; x_wconf 89' lang='lat' dir='ltr'><strong>Walenses</strong></span> <span class='ocrx_word' id='word_1_143' title='bbox 777 2982 851 3062; x_wconf 81' lang='lat' dir='ltr'><strong>regi</strong></span> <span class='ocrx_word' id='word_1_144' title='bbox 868 3001 931 3064; x_wconf 90' lang='lat' dir='ltr'><strong>pro</strong></span> <span class='ocrx_word' id='word_1_145' title='bbox 948 2981 1047 3046; x_wconf 91' lang='lat' dir='ltr'><strong>libitu</strong></span> <span class='ocrx_word' id='word_1_146' title='bbox 1065 2983 1146 3047; x_wconf 91' lang='lat' dir='ltr'><strong>sub·</strong></span> 
     </span>
     <span class='ocr_line' id='line_1_25' title="bbox 192 3074 1290 3165; baseline -0.003 -20"><span class='ocrx_word' id='word_1_147' title='bbox 192 3081 376 3165; x_wconf 86' lang='lat' dir='ltr'><strong>juguntur.</strong></span> <span class='ocrx_word' id='word_1_148' title='bbox 412 3074 638 3145; x_wconf 81' lang='lat' dir='ltr'><strong>³Malcolmus</strong></span> <span class='ocrx_word' id='word_1_149' title='bbox 657 3081 838 3147; x_wconf 90' lang='lat' dir='ltr'><strong>Scotorum</strong></span> <span class='ocrx_word' id='word_1_150' title='bbox 856 3100 918 3144; x_wconf 85' lang='lat' dir='ltr'><strong>rex</strong></span> <span class='ocrx_word' id='word_1_151' title='bbox 933 3081 1015 3146; x_wconf 89' lang='lat' dir='ltr'><strong>fecit</strong></span> <span class='ocrx_word' id='word_1_152' title='bbox 1028 3080 1146 3147; x_wconf 86' lang='lat' dir='ltr'><strong>homa.</strong></span> <span class='ocrx_word' id='word_1_153' title='bbox 1158 3102 1290 3142; x_wconf 63' lang='lat' dir='ltr'><strong>aeroma</strong></span> 
     </span>
    </p>
   </div>
   <div class='ocr_carea' id='block_1_5' title="bbox 197 3153 1309 3303">
    <p class='ocr_par' dir='ltr' id='par_1_5' title="bbox 197 3153 1309 3303">
     <span class='ocr_line' id='line_1_26' title="bbox 197 3153 1309 3303; baseline -0.004 -58"><span class='ocrx_word' id='word_1_154' title='bbox 197 3183 292 3263; x_wconf 82' lang='lat' dir='ltr'><strong>gium</strong></span> <span class='ocrx_word' id='word_1_155' title='bbox 324 3181 478 3246; x_wconf 88' lang='lat' dir='ltr'><strong>Henrico</strong></span> <span class='ocrx_word' id='word_1_156' title='bbox 507 3181 599 3262; x_wconf 86' lang='lat' dir='ltr'><strong>regis</strong></span> <span class='ocrx_word' id='word_1_157' title='bbox 628 3178 768 3263; x_wconf 81' lang='lat' dir='ltr'><strong>Angliae</strong></span> <span class='ocrx_word' id='word_1_158' title='bbox 797 3180 890 3260; x_wconf 90' lang='lat' dir='ltr'><strong>filio;</strong></span> <span class='ocrx_word' id='word_1_159' title='bbox 928 3188 963 3245; x_wconf 90' lang='lat' dir='ltr'><strong>et</strong></span> <span class='ocrx_word' id='word_1_160' title='bbox 995 3181 1089 3249; x_wconf 90' lang='lat' dir='ltr'><strong>dedit</strong></span> <span class='ocrx_word' id='word_1_161' title='bbox 1115 3153 1309 3303; x_wconf 48' lang='lat' dir='ltr'><strong>eiiffiiirze</strong></span> 
     </span>
    </p>
   </div>
   <div class='ocr_carea' id='block_1_6' title="bbox 195 3253 1269 3960">
    <p class='ocr_par' dir='ltr' id='par_1_6' title="bbox 195 3253 1269 3960">
     <span class='ocr_line' id='line_1_27' title="bbox 196 3253 1269 3364; baseline -0.003 -20"><span class='ocrx_word' id='word_1_162' title='bbox 196 3281 345 3358; x_wconf 88' lang='lat' dir='ltr'><strong>obsides,</strong></span> <span class='ocrx_word' id='word_1_163' title='bbox 371 3275 503 3346; x_wconf 85' lang='lat' dir='ltr'><strong>scilicet</strong></span> <span class='ocrx_word' id='word_1_164' title='bbox 526 3281 641 3345; x_wconf 84' lang='lat' dir='ltr'><strong>David</strong></span> <span class='ocrx_word' id='word_1_165' title='bbox 667 3281 808 3345; x_wconf 85' lang='lat' dir='ltr'><strong>fratrem</strong></span> <span class='ocrx_word' id='word_1_166' title='bbox 836 3299 936 3343; x_wconf 89' lang='lat' dir='ltr'><strong>suum</strong></span> <span class='ocrx_word' id='word_1_167' title='bbox 961 3280 1145 3364; x_wconf 86' lang='lat' dir='ltr'><strong>juniorem,</strong></span> <span class='ocrx_word' id='word_1_168' title='bbox 1158 3253 1269 3342; x_wconf 57' lang='lat' dir='ltr'><strong>{iiim</strong></span> 
     </span>
     <span class='ocr_line' id='line_1_28' title="bbox 196 3380 1146 3463; baseline -0.001 -18"><span class='ocrx_word' id='word_1_169' title='bbox 196 3388 232 3444; x_wconf 90' lang='lat' dir='ltr'><strong>et</strong></span> <span class='ocrx_word' id='word_1_170' title='bbox 250 3382 417 3463; x_wconf 88' lang='lat' dir='ltr'><strong>quosdam</strong></span> <span class='ocrx_word' id='word_1_171' title='bbox 438 3381 480 3444; x_wconf 91' lang='lat' dir='ltr'><strong>de</strong></span> <span class='ocrx_word' id='word_1_172' title='bbox 505 3380 585 3444; x_wconf 87' lang='lat' dir='ltr'><strong>filiis</strong></span> <span class='ocrx_word' id='word_1_173' title='bbox 608 3381 775 3444; x_wconf 90' lang='lat' dir='ltr'><strong>baronum</strong></span> <span class='ocrx_word' id='word_1_174' title='bbox 801 3399 953 3456; x_wconf 88' lang='lat' dir='ltr'><strong>suorum,</strong></span> <span class='ocrx_word' id='word_1_175' title='bbox 975 3400 1038 3462; x_wconf 90' lang='lat' dir='ltr'><strong>pro</strong></span> <span class='ocrx_word' id='word_1_176' title='bbox 1061 3400 1146 3462; x_wconf 88' lang='lat' dir='ltr'><strong>pace</strong></span> 
     </span>
     <span class='ocr_line' id='line_1_29' title="bbox 196 3479 1147 3561; baseline -0.001 -16"><span class='ocrx_word' id='word_1_177' title='bbox 196 3481 357 3559; x_wconf 89' lang='lat' dir='ltr'><strong>tenenda,</strong></span> <span class='ocrx_word' id='word_1_178' title='bbox 387 3487 423 3544; x_wconf 90' lang='lat' dir='ltr'><strong>et</strong></span> <span class='ocrx_word' id='word_1_179' title='bbox 454 3480 496 3544; x_wconf 90' lang='lat' dir='ltr'><strong>de</strong></span> <span class='ocrx_word' id='word_1_180' title='bbox 524 3480 676 3544; x_wconf 85' lang='lat' dir='ltr'><strong>castellis</strong></span> <span class='ocrx_word' id='word_1_181' title='bbox 705 3480 778 3544; x_wconf 90' lang='lat' dir='ltr'><strong>suis</strong></span> <span class='ocrx_word' id='word_1_182' title='bbox 803 3499 881 3561; x_wconf 84' lang='lat' dir='ltr'><strong>quae</strong></span> <span class='ocrx_word' id='word_1_183' title='bbox 915 3498 976 3542; x_wconf 86' lang='lat' dir='ltr'><strong>rex</strong></span> <span class='ocrx_word' id='word_1_184' title='bbox 1007 3479 1147 3544; x_wconf 88' lang='lat' dir='ltr'><strong>volebat</strong></span> 
     </span>
     <span class='ocr_line' id='line_1_30' title="bbox 195 3577 1146 3645; baseline 0 -3"><span class='ocrx_word' id='word_1_185' title='bbox 195 3580 330 3644; x_wconf 88' lang='lat' dir='ltr'><strong>hahere.</strong></span> <span class='ocrx_word' id='word_1_186' title='bbox 384 3580 506 3645; x_wconf 87' lang='lat' dir='ltr'><strong>Mense</strong></span> <span class='ocrx_word' id='word_1_187' title='bbox 525 3579 656 3644; x_wconf 91' lang='lat' dir='ltr'><strong>Martio</strong></span> <span class='ocrx_word' id='word_1_188' title='bbox 678 3579 764 3644; x_wconf 91' lang='lat' dir='ltr'><strong>obiit</strong></span> <span class='ocrx_word' id='word_1_189' title='bbox 778 3599 840 3642; x_wconf 88' lang='lat' dir='ltr'><strong>rex</strong></span> <span class='ocrx_word' id='word_1_190' title='bbox 856 3577 1048 3642; x_wconf 87' lang='lat' dir='ltr'><strong>Jerusalem</strong></span> <span class='ocrx_word' id='word_1_191' title='bbox 1066 3579 1146 3644; x_wconf 85' lang='lat' dir='ltr'><strong>Bal·</strong></span> 
     </span>
     <span class='ocr_line' id='line_1_31' title="bbox 195 3671 1145 3759; baseline 0 -16"><span class='ocrx_word' id='word_1_192' title='bbox 195 3680 351 3744; x_wconf 87' lang='lat' dir='ltr'><strong>dewinus</strong></span> <span class='ocrx_word' id='word_1_193' title='bbox 376 3681 511 3757; x_wconf 90' lang='lat' dir='ltr'><strong>tertius,</strong></span> <span class='ocrx_word' id='word_1_194' title='bbox 535 3687 570 3744; x_wconf 89' lang='lat' dir='ltr'><strong>et</strong></span> <span class='ocrx_word' id='word_1_195' title='bbox 591 3679 757 3744; x_wconf 86' lang='lat' dir='ltr'><strong>successit</strong></span> <span class='ocrx_word' id='word_1_196' title='bbox 777 3671 988 3743; x_wconf 76' lang='lat' dir='ltr'><strong>*Amalricus</strong></span> <span class='ocrx_word' id='word_1_197' title='bbox 1010 3698 1145 3759; x_wconf 83' lang='lat' dir='ltr'><strong>germa-</strong></span> 
     </span>
     <span class='ocr_line' id='line_1_32' title="bbox 196 3779 1145 3862; baseline 0.001 -20"><span class='ocrx_word' id='word_1_198' title='bbox 196 3799 262 3844; x_wconf 92' lang='lat' dir='ltr'><strong>nus</strong></span> <span class='ocrx_word' id='word_1_199' title='bbox 293 3779 456 3862; x_wconf 88' lang='lat' dir='ltr'><strong>ejusdem.</strong></span> <span class='ocrx_word' id='word_1_200' title='bbox 510 3779 604 3843; x_wconf 91' lang='lat' dir='ltr'><strong>Huic</strong></span> <span class='ocrx_word' id='word_1_201' title='bbox 632 3779 833 3843; x_wconf 88' lang='lat' dir='ltr'><strong>Baldewino</strong></span> <span class='ocrx_word' id='word_1_202' title='bbox 859 3797 880 3842; x_wconf 90' lang='lat' dir='ltr'><strong>a</strong></span> <span class='ocrx_word' id='word_1_203' title='bbox 905 3797 1055 3860; x_wconf 86' lang='lat' dir='ltr'><strong>superna</strong></span> <span class='ocrx_word' id='word_1_204' title='bbox 1078 3779 1145 3844; x_wconf 88' lang='lat' dir='ltr'><strong>cle·</strong></span> 
     </span>
     <span class='ocr_line' id='line_1_33' title="bbox 195 3876 1144 3960; baseline -0.001 -17"><span class='ocrx_word' id='word_1_205' title='bbox 195 3878 327 3943; x_wconf 88' lang='lat' dir='ltr'><strong>mentia</strong></span> <span class='ocrx_word' id='word_1_206' title='bbox 355 3897 555 3944; x_wconf 87' lang='lat' dir='ltr'><strong>concessum</strong></span> <span class='ocrx_word' id='word_1_207' title='bbox 580 3885 667 3956; x_wconf 87' lang='lat' dir='ltr'><strong>erat,</strong></span> <span class='ocrx_word' id='word_1_208' title='bbox 694 3885 734 3942; x_wconf 88' lang='lat' dir='ltr'><strong>ut</strong></span> <span class='ocrx_word' id='word_1_209' title='bbox 761 3876 969 3941; x_wconf 88' lang='lat' dir='ltr'><strong>Ascalonem</strong></span> <span class='ocrx_word' id='word_1_210' title='bbox 995 3886 1144 3960; x_wconf 89' lang='lat' dir='ltr'><strong>caperet,</strong></span> 
     </span>
    </p>
   </div>
   <div class='ocr_carea' id='block_1_7' title="bbox 195 3976 1144 4061">
    <p class='ocr_par' dir='ltr' id='par_1_7' title="bbox 195 3976 1144 4061">
     <span class='ocr_line' id='line_1_34' title="bbox 195 3976 1144 4061; baseline -0.001 -19"><span class='ocrx_word' id='word_1_211' title='bbox 195 3987 231 4043; x_wconf 90' lang='lat' dir='ltr'><strong>et</strong></span> <span class='ocrx_word' id='word_1_212' title='bbox 245 3978 427 4060; x_wconf 83' lang='lat' dir='ltr'><strong>Agarenos</strong></span> <span class='ocrx_word' id='word_1_213' title='bbox 450 3978 652 4061; x_wconf 86' lang='lat' dir='ltr'><strong>expelleret,</strong></span> <span class='ocrx_word' id='word_1_214' title='bbox 676 3985 711 4041; x_wconf 92' lang='lat' dir='ltr'><strong>et</strong></span> <span class='ocrx_word' id='word_1_215' title='bbox 726 3976 843 4040; x_wconf 92' lang='lat' dir='ltr'><strong>divino</strong></span> <span class='ocrx_word' id='word_1_216' title='bbox 852 3977 999 4041; x_wconf 88' lang='lat' dir='ltr'><strong>servitio</strong></span> <span class='ocrx_word' id='word_1_217' title='bbox 1016 3978 1144 4042; x_wconf 90' lang='lat' dir='ltr'><strong>manci·</strong></span> 
     </span>
    </p>
   </div>
   <div class='ocr_carea' id='block_1_8' title="bbox 226 4235 1122 4375">
    <p class='ocr_par' dir='ltr' id='par_1_8' title="bbox 226 4235 1122 4375">
     <span class='ocr_line' id='line_1_35' title="bbox 226 4235 1021 4307; baseline -0.005 -13"><span class='ocrx_word' id='word_1_218' title='bbox 226 4245 236 4276; x_wconf 89' lang='lat'><strong>¹</strong></span> <span class='ocrx_word' id='word_1_219' title='bbox 253 4249 379 4307; x_wconf 78' lang='lat' dir='ltr'><strong>‘regnum</strong></span> <span class='ocrx_word' id='word_1_220' title='bbox 383 4239 400 4306; x_wconf 86' lang='lat'><strong>;‘</strong></span> <span class='ocrx_word' id='word_1_221' title='bbox 414 4246 473 4294; x_wconf 84' lang='lat' dir='ltr'><strong>Cod.</strong></span> <span class='ocrx_word' id='word_1_222' title='bbox 487 4245 551 4306; x_wconf 72' lang='lat' dir='ltr'><strong>neg.</strong></span> <span class='ocrx_word' id='word_1_223' title='bbox 566 4245 616 4294; x_wconf 78' lang='lat' dir='ltr'><strong>Ox.</strong></span> <span class='ocrx_word' id='word_1_224' title='bbox 717 4239 728 4268; x_wconf 83' lang='lat'>³</span> <span class='ocrx_word' id='word_1_225' title='bbox 744 4241 917 4290; x_wconf 84' lang='lat' dir='ltr'><strong>‘Malcolinus</strong></span> <span class='ocrx_word' id='word_1_226' title='bbox 926 4235 940 4299; x_wconf 90' lang='lat'><strong>;&#39;</strong></span> <span class='ocrx_word' id='word_1_227' title='bbox 953 4235 1021 4290; x_wconf 77' lang='lat' dir='ltr'><strong>n&#39;A.</strong></span> 
     </span>
     <span class='ocr_line' id='line_1_36' title="bbox 228 4305 1122 4375; baseline -0.007 -11"><span class='ocrx_word' id='word_1_228' title='bbox 228 4315 238 4344; x_wconf 84' lang='lat'><strong>¹</strong></span> <span class='ocrx_word' id='word_1_229' title='bbox 255 4315 405 4364; x_wconf 83' lang='lat' dir='ltr'><strong>‘walenses</strong></span> <span class='ocrx_word' id='word_1_230' title='bbox 413 4310 430 4375; x_wconf 88' lang='lat'><strong>;&#39;</strong></span> <span class='ocrx_word' id='word_1_231' title='bbox 442 4315 481 4364; x_wconf 83' lang='lat' dir='ltr'><strong>M.</strong></span> <span class='ocrx_word' id='word_1_232' title='bbox 493 4318 518 4363; x_wconf 83' lang='lat' dir='ltr'><strong>et</strong></span> <span class='ocrx_word' id='word_1_233' title='bbox 528 4313 576 4365; x_wconf 78' lang='lat' dir='ltr'><strong>Ar.</strong></span> <span class='ocrx_word' id='word_1_234' title='bbox 719 4308 729 4340; x_wconf 87' lang='lat'><strong>⁴</strong></span> <span class='ocrx_word' id='word_1_235' title='bbox 745 4305 904 4372; x_wconf 77' lang='lat' dir='ltr'><strong>‘Almarus3&#39;</strong></span> <span class='ocrx_word' id='word_1_236' title='bbox 919 4311 979 4360; x_wconf 84' lang='lat' dir='ltr'><strong>Cod.</strong></span> <span class='ocrx_word' id='word_1_237' title='bbox 993 4310 1057 4371; x_wconf 73' lang='lat' dir='ltr'><strong>Reg.</strong></span> <span class='ocrx_word' id='word_1_238' title='bbox 1072 4311 1122 4359; x_wconf 83' lang='lat' dir='ltr'><strong>Ox.</strong></span> 
     </span>
    </p>
   </div>
   <div class='ocr_carea' id='block_1_9' title="bbox 0 0 1594 5026">
    <p class='ocr_par' dir='ltr' id='par_1_9' title="bbox 0 0 1594 5026">
     <span class='ocr_line' id='line_1_37' title="bbox 0 0 1594 5026; baseline 0 2"><span class='ocrx_word' id='word_1_239' title='bbox 0 0 1594 5026; x_wconf 95' lang='lat' dir='ltr'><strong> </strong></span> 
     </span>
    </p>
   </div>
  </div>
 </body>
</html>
