3204 5028
453 515 518 580 122
804 531 878 579 nre.
905 529 1053 579 rnrvnm

287 705 427 795 {piperem
453 700 558 757 tatem
587 685 843 757 ¹Catinensium
865 691 962 768 adiit,
985 691 1044 754 ubi
1064 697 1209 772 uterque
1231 710 1334 775 super
1356 693 1406 756 al-

337 767 358 834 ’Ἴ
452 794 559 858 terius
574 793 726 858 adventu
741 791 866 856 eximie
882 797 934 855 est
948 791 1100 855 laetatus
1133 790 1309 855 Reversus
1323 811 1405 858 vero

288 904 397 996 {prm
452 912 515 957 rex
531 892 716 970 Ricardum
732 891 774 955 de
788 892 931 956 consilio
947 890 1095 955 Walteri
1111 890 1405 974 Rothomagensis

287 1005 399 1056 liberalib-
452 993 713 1076 archiepiscopi,
735 992 817 1056 fecit
834 991 1028 1056 denuntiari
1047 991 1111 1054 sub
1127 990 1405 1057 interminatione·

452 1092 693 1167 anathematis,
726 1099 766 1155 ut
793 1091 956 1174 quicquid
985 1091 1060 1155 auri
1089 1091 1144 1155 vel
1170 1093 1305 1173 argenti
1330 1093 1403 1156 sive

450 1193 619 1277 cujusque
650 1192 784 1275 generis
823 1191 978 1274 pecuniae
1009 1190 1179 1255 victorum
1213 1210 1337 1256 manus
1368 1191 1404 1255 in

451 1294 610 1376 captione
631 1292 805 1356 Messanae
825 1291 1034 1372 diripuisset,
1056 1291 1189 1355 civibus
1209 1293 1404 1356 restituere

450 1399 508 1456 tur
535 1394 570 1457 in
599 1393 781 1474 integrum.
836 1390 1024 1455 Pecuniam
1046 1409 1128 1455 vero
1151 1407 1176 1454 'a
1199 1409 1281 1473 rege
1308 1391 1401 1455 Tan-

449 1493 551 1556 credo
583 1500 772 1575 acceptam,
804 1490 886 1555 licet
916 1489 958 1554 de
987 1490 1068 1574 jure
1101 1490 1402 1556 confoederationis

449 1612 518 1657 non
550 1599 736 1669 teneretur,
769 1611 847 1655 cum
878 1610 959 1672 rege
991 1590 1203 1654 Francorum
1236 1610 1282 1654 ex
1308 1611 1402 1655 mera

449 1692 656 1757 liberalitate
670 1691 799 1755 divisit.
853 1689 965 1768 Quem
991 1690 1026 1752 in
1049 1690 1240 1754 festivitate
1263 1690 1401 1756 Nativi-

449 1793 530 1855 tatis
550 1792 741 1855 Dominicae
759 1790 804 1853 ad
821 1800 972 1855 castrum
991 1810 1092 1853 suum
1113 1789 1155 1854 de
1176 1790 1401 1872 Mategriffun

447 1891 621 1969 invitavit,
644 1898 679 1955 et
701 1911 779 1954 eum
797 1891 989 1955 venientem
1012 1909 1089 1953 cum
1112 1891 1213 1954 turba
1236 1890 1401 1955 nobilium

447 1998 652 2056 veneranter
669 1992 828 2073 excepit3
855 1991 1123 2073 celebritateque
1140 1990 1247 2074 juxta
1269 1991 1401 2074 regiam

447 2091 735 2173 magnificentiam
759 2097 913 2173 peracta,
937 2090 1098 2173 pretiosis
1120 2089 1247 2155 diversi
1263 2092 1400 2173 generis

448 2193 647 2256 muneribus
661 2190 855 2255 honoravit.

496 2292 566 2356 His
588 2293 800 2376 temporibus
822 2289 845 2354 J
849 2290 983 2354 oachim
1006 2290 1112 2354 abbas
1138 2290 1315 2354 Florensis
1332 2290 1400 2355 fuit

446 2391 482 2455 in
506 2391 681 2470 Calabria,
708 2393 767 2475 qni
794 2391 910 2474 plures
937 2385 1044 2452 libros
1070 2409 1173 2473 super
1199 2389 1223 2453 J
1226 2391 1399 2469 eremiam,

447 2490 706 2576 Apocalypsim,
724 2500 759 2556 et
776 2490 818 2554 de
834 2485 1024 2554 ²Oneribus
1049 2490 1294 2573 prophetarum
1318 2510 1400 2554 eon·

445 2587 610 2675 scripsit.³
650 2592 732 2671 Qui,
756 2592 895 2672 regibus
918 2590 1128 2653 Francorum
1150 2597 1186 2654 et
1205 2590 1400 2672 Anglorum

445 2693 710 2772 requirentibus
725 2692 768 2754 de
785 2690 1062 2772 peregrinatione
1078 2690 1113 2753 in
1131 2689 1274 2753 Terram
1292 2691 1399 2755 Sane·

445 2797 529 2866 tarn,
552 2811 655 2874 quam
672 2791 858 2868 faciebant,
879 2783 1060 2872 *praedixit
1075 2790 1167 2872 quod
1183 2809 1306 2872 parum
1321 2810 1399 2873 pro-

444 2890 597 2968 ficerent,
625 2911 667 2955 eo
693 2891 786 2974 quod
815 2890 967 2954 nondum
997 2895 1132 2972 tempus
1159 2890 1311 2954 debitum
1341 2889 1399 2954 ad-

446 2990 607 3055 venisset.

461 3171 487 3208 D.
500 3173 525 3208 N.
537 3174 591 3211 ,1.0.
676 3175 699 3209 P.
712 3174 875 3208 Romanorum
888 3175 914 3210 ll.
1021 3173 1175 3210 Francorum
1228 3175 1368 3211 adamabat

451 3229 593 3240 -n
999 3231 1194 3242 ———

475 3260 564 3298 nrcxer.
606 3261 746 3297 cnruenrrs
758 3262 799 3297 111.
826 3261 932 3296 nennrcr
943 3261 979 3296 vr.
1025 3261 1135 3296 emerem
1148 3263 1176 3299 11.
1228 3262 1333 3298 nrcranr
1346 3263 1365 3300 1.

1079 3321 1119 3368 10.

279 3451 417 3491 merone
493 3435 578 3499 Rnx
618 3435 845 3512 Francorum,
883 3434 1036 3497 ascensis
1070 3435 1217 3498 navibus
1251 3437 1397 3500 sabbato

279 3502 332 3548 king
340 3503 411 3541 leaves

279 3552 343 3600 serry
353 3552 385 3590 ror
393 3553 430 3592 ue
441 3542 522 3616 post
548 3533 877 3610 Annunciationem,
907 3552 1029 3597 versus
1058 3533 1203 3597 Terram
1233 3535 1396 3599 Sanctam

279 3601 410 3652 liclyband.
861 3634 867 3647 .
975 3633 982 3647 .
1012 3633 1019 3646 .

441 3634 484 3698 de
514 3634 681 3699 Messana
708 3634 928 3716 progredrtur
953 3639 1106 3698 crvrtate.
1174 3632 1255 3697 Rex
1281 3642 1397 3699 autem

442 3733 624 3813 Ricardum
637 3734 755 3798 audito
770 3735 920 3798 adventu
938 3733 1057 3796 matris
1073 3751 1146 3796 suae
1161 3732 1205 3797 ad
1221 3734 1396 3800 civitatem

476 3905 738 3968 '‘Catbanensium3'
756 3911 795 3959 M.
926 3905 1043 3977 (twelfth
1069 3907 1193 3975 General)
1223 3909 1342 3972 Oouncil,
1370 3913 1396 3962 in

476 3976 740 4040 ²‘omnibue3’D‘A.
928 3982 1002 4042 1215,
1017 3980 1040 4028 is
1052 3979 1126 4042 given
1140 3985 1167 4028 at
1180 3981 1260 4042 large.
1297 3982 1396 4032 Forhis

474 4048 484 4077 ³
500 4051 548 4099 See
564 4052 648 4113 Roget
658 4049 691 4098 bf
704 4048 856 4111 Wendover,
874 4050 901 4097 ii.
927 4063 1062 4098 erroneous
1079 4049 1192 4099 doctrine
1203 4065 1245 4100 see
1260 4051 1396 4115 Baronius,

439 4136 483 4184 pp.
504 4124 625 4182 401-404,
644 4124 704 4180 eta,
721 4119 771 4168 and
790 4124 857 4180 note,
875 4134 901 4180 p.
927 4120 980 4169 xix.
1007 4134 1033 4180 p.
1056 4123 1114 4183 618,
1137 4121 1199 4169 with
1222 4121 1312 4184 Pagi's
1336 4123 1396 4186 long

438 4194 496 4252 401,
507 4190 592 4238 where
610 4190 653 4238 the
672 4188 906 4238 condemnationes
927 4193 996 4238 note.

438 4260 577 4310 Joachim's
588 4259 653 4308 boolr
667 4261 767 4321 against
774 4259 852 4307 Peter
860 4259 902 4307 the
962 4257 971 4286 ⁴
988 4259 1124 4322 ‘praedixit
1133 4260 1200 4320 quod
1212 4260 1323 4310 nondum
1331 4267 1394 4311 tem-

439 4331 565 4380 Lombard
583 4331 609 4378 in
628 4329 671 4380 the
688 4329 773 4378 fourth
792 4329 901 4379 Lateran
928 4329 1054 4392 pus,'ctc.
1065 4346 1072 4391 3
1084 4325 1154 4379 D'A.
