3170 5020
429 461 495 526 350
785 478 857 525 ruc.
875 477 1021 526 rarvnrr

430 655 550 700 eorum
583 634 708 717 sigillis
740 635 903 712 munitas,
932 633 1150 698 continentes
1178 633 1214 696 in
1244 630 1381 699 Gallico

432 735 523 800 hunc
538 744 711 801 tenorem:

269 849 404 890 Deedorth·
481 835 680 899 ‘Omnibus
706 842 895 918 praesentcs
920 833 1056 898 litteras
1086 833 1211 898 visuris
1241 832 1296 898 vel
1322 852 1382 896 au·

269 901 372 940 uncondi-

269 951 393 1038 consinus
431 935 565 1013 ditnriS,
583 935 739 1000 Joannes
757 933 880 998 Gomin
905 934 948 998 de
971 934 1150 1010 Badenau,
1169 942 1233 998 etc.
1287 932 1380 1012 Quia

268 1001 399 1141 ffhghhh
431 1035 476 1099 ad
507 1035 608 1100 fidem
640 1042 676 1099 et
715 1035 929 1099 voluntatem
962 1033 1187 1098 illustrissimi
1216 1034 1380 1116 principis

307 1110 345 1140 ⁰¹¹⁸
431 1155 473 1200 ac
491 1135 659 1200 carissimi
682 1134 810 1198 domini
832 1135 941 1198 nostri
964 1134 1094 1198 domini
1116 1133 1289 1210 Edwardi‚
1308 1133 1380 1196 Dru

430 1236 546 1317 gratia
569 1235 661 1317 regis
681 1233 833 1316 Angliae,
851 1234 980 1298 domini
1004 1234 1197 1311 Hiberniae,
1219 1253 1260 1298 ac
1283 1233 1380 1296 ducis

432 1333 632 1418 Aquitaniae
654 1337 835 1412 venimns;
872 1335 1105 1417 promittimus
1130 1354 1193 1416 pro
1220 1333 1318 1397 nohis
1346 1342 1381 1398 ct

431 1435 613 1500 heredibus
643 1435 771 1500 nostris
799 1434 865 1497 sub
897 1453 1003 1516 poena
1030 1452 1212 1516 corporum
1241 1440 1379 1497 nostro-

431 1555 508 1599 rum
527 1542 563 1599 et
584 1535 788 1599 catellorum
810 1553 850 1597 ac
872 1535 1023 1597 omnium
1046 1553 1125 1616 quac
1147 1534 1274 1597 hahere
1301 1553 1380 1615 pos·

431 1653 563 1712 sumus,
590 1635 682 1718 quod
708 1653 771 1699 nos
797 1633 985 1698 serviemus
1007 1634 1039 1697 ci
1065 1635 1151 1698 bene
1176 1640 1211 1697 et
1235 1619 1382 1697 fideliter

432 1742 554 1799 contra
583 1753 701 1799 omnes
730 1741 850 1816 gentes
877 1752 955 1817 quae
983 1733 1100 1798 vivere
1126 1740 1161 1797 et
1187 1735 1275 1797 mori
1302 1752 1380 1815 pos·

432 1841 526 1911 sunt,
556 1834 716 1898 omnibus
749 1834 882 1898 vicibus
915 1832 1039 1916 quibus
1077 1833 1292 1916 requiremur
1323 1832 1378 1896 vel

432 1934 699 2016 praemumemur
716 1953 778 2015 per
797 1933 1008 1997 antedictum
1030 1932 1205 1996 dominum
1225 1940 1379 1998 nostrum

432 2053 548 2115 regem
579 2031 730 2115 Angliae,
762 2034 819 2098 vel
849 2032 992 2098 heredes
1021 2053 1114 2110 suos,
1143 2040 1178 2097 ct
1203 2033 1295 2116 quod
1318 2052 1379 2096 nos

433 2152 502 2198 non
529 2133 676 2197 sciemus
699 2133 861 2198 damnum
889 2153 1019 2210 eorum,
1053 2134 1136 2216 quin
1162 2134 1246 2197 illud
1273 2134 1381 2215 impe·

432 2233 568 2297 diamus
594 2234 752 2299 omnihus
775 2233 905 2298 viribus
928 2233 1066 2310 nostris
1090 2240 1126 2297 et
1150 2253 1210 2298 eos
1233 2251 1381 2316 praemu-

433 2333 587 2411 niemus;
615 2339 651 2398 et
677 2334 720 2397 ad
743 2335 812 2398 ista
833 2333 983 2398 tenenda
999 2340 1035 2396 et
1054 2332 1226 2397 servanda
1248 2333 1382 2414 obliga·

435 2453 512 2498 mus
545 2453 621 2512 nos,
658 2441 694 2497 et
725 2433 867 2498 heredes
897 2440 1047 2508 nostros,
1080 2440 1116 2497 et
1146 2433 1262 2496 omnia
1290 2434 1381 2496 bona

434 2541 567 2599 nostra.
642 2533 791 2615 Insuper
824 2540 860 2597 et
888 2533 1096 2617 juravimus
1129 2532 1233 2596 tactis
1267 2551 1382 2596 sacro·

434 2634 564 2698 sanctis
596 2633 807 2714 evangeliis3
841 2639 877 2696 et
902 2640 1070 2714 praeterea
1102 2651 1173 2695 nos
1200 2653 1319 2696 omnes
1346 2639 1381 2696 et

434 2732 578 2815 quilibet
613 2741 768 2797 nostrum
794 2752 857 2815 pro
885 2751 923 2795 se
945 2731 1027 2796 fecit
1056 2731 1253 2814 homagium
1289 2733 1382 2797 dicto

435 2832 573 2896 domino
590 2834 664 2914 regi
681 2831 821 2914 Angliae
836 2833 872 2895 in
888 2831 962 2896 haec
980 2834 1105 2896 verba:
1432 2839 1436 2849 '

273 2948 382 2988 rherorm
486 2932 584 3012 ‘Ego
611 2939 727 2997 vester
746 2932 850 2996 homo
872 2931 977 3014 ligius
1004 2931 1143 3008 efficior,
1169 2932 1212 2995 de
1235 2932 1320 3008 vita,
1347 2939 1382 2995 et

273 2999 297 3037 of
303 2999 392 3048 homage

272 3049 373 3098 takonu
435 3032 607 3110 membris,
631 3051 672 3096 ac
697 3039 832 3096 terreno
862 3031 1002 3108 honore,
1031 3039 1151 3096 contra
1177 3051 1296 3102 omnes
1322 3032 1381 3095 ho·

272 3100 339 3138 ‘hm'
435 3130 544 3195 mines
572 3132 631 3214 qui
659 3140 806 3214 possunt
835 3133 952 3196 vivere
980 3139 1016 3196 et
1040 3131 1147 3196 mori'
1219 3130 1265 3196 Et
1292 3131 1382 3195 idem

434 3232 592 3320 dominns
620 3241 737 3297 noster
760 3253 824 3296 rex
846 3233 975 3314 recepit
1001 3232 1068 3296 hoc
1096 3231 1294 3313 homagium
1317 3231 1383 3296 snb

434 3332 487 3396 his
509 3333 646 3397 verbis:
675 3332 771 3397 ‘Nos
793 3331 879 3396 illud
902 3332 1085 3414 recipimus
1111 3351 1174 3413 pro
1200 3332 1312 3408 terris,
1341 3331 1383 3394 de

434 3433 560 3514 quibus
582 3433 666 3496 estis
691 3452 782 3496 nunc
807 3431 926 3510 scisiti‚
954 3432 1053 3496 salvo
1070 3431 1149 3515 jure
1176 3437 1295 3495 nostro
1321 3438 1382 3495 aut

434 3533 588 3608 alterius,
607 3540 642 3597 et
660 3533 816 3614 exceptis
836 3531 936 3594 terris
955 3551 1041 3615 quas
1059 3531 1082 3596 J
1085 3551 1215 3596 oannes
1238 3531 1280 3595 de
1298 3531 1382 3594 Bal-

434 3631 517 3696 liolo
542 3632 715 3715 quondam
742 3651 804 3696 rex
826 3630 953 3695 Scotiae
976 3631 1075 3694 nobis
1105 3632 1263 3707 contulit,
1290 3637 1381 3713 post·

434 3752 538 3814 quam
579 3750 642 3796 nos
675 3732 707 3795 ei
741 3750 884 3812 regnum
917 3731 1044 3795 Scotiae
1085 3731 1319 3808 liberavimus,
1351 3732 1381 3794 si

434 3831 523 3896 forte
551 3832 686 3914 aliquas
708 3838 818 3895 terras
842 3828 959 3895 dedit:
1011 3831 1160 3914 Insuper
1176 3850 1239 3894 nos
1265 3850 1382 3894 omnes

434 3938 469 3996 et
503 3931 632 4014 singuli
663 3938 819 3997 nostrum
850 3950 913 4013 pro
940 3949 978 3994 se
1006 3930 1150 3995 fecimus
1181 3930 1382 3995 fidelitatem

433 4030 572 4096 domino
601 4039 735 4108 nostro,
775 4031 848 4112 regi
880 4030 1058 4112 praedicto,
1093 4031 1129 4094 in
1159 4030 1225 4094 his·
1243 4031 1379 4094 verbist

434 4131 528 4195 ‘Ero
554 4130 676 4208 fidelis,
699 4131 833 4212 legalis,
861 4130 1130 4212 fidelitatemque
1161 4136 1197 4194 et
1227 4129 1382 4212 legalita-

433 4236 503 4293 tem
533 4232 678 4310 servabo
707 4229 880 4294 Eduardo
909 4231 983 4312 regi
1011 4229 1164 4313 Angliae,
1189 4237 1225 4294 et
1253 4228 1381 4294 heredi-
