3252 5026
457 461 522 528 192
613 547 615 552 ,
809 480 883 528 uro.
911 480 1059 528 nervum

455 659 627 718 reversus,
650 640 822 723 privatam
839 639 947 703 vitam
971 644 1046 703 toto
1069 659 1145 703 aevo
1164 659 1227 703 suo
1250 640 1352 704 duxit
1373 640 1410 706 in

455 741 595 818 ducatu,
631 741 692 822 qui
727 741 793 804 sibi
823 739 903 823 jure
937 739 1144 803 hereditario
1179 742 1408 823 competebat.

454 841 609 906 Tandem
639 840 845 924 dysenteriae
865 841 991 904 morbo
1013 839 1187 917 laborans,
1209 841 1409 905 convocatis

453 941 624 1023 episcopis
654 940 792 1023 alioque
814 939 918 1016 clero,
946 939 1116 1003 instanter
1141 959 1218 1003 cum
1246 940 1409 1024 lacrymis

454 1041 704 1104 absolutionem
734 1059 839 1122 super
868 1059 933 1103 sua
958 1039 1143 1104 rebellione
1170 1040 1271 1122 petiit
1295 1049 1330 1105 et
1353 1060 1409 1105 ac-

453 1141 556 1223 cepit.
608 1140 712 1204 Miles
738 1139 880 1222 quidam
902 1137 1084 1220 AnglicuS,
1112 1138 1225 1204 dictus
1253 1139 1276 1203 J
1280 1135 1409 1204 oannes

453 1241 495 1304 de
519 1241 716 1317 Bonavilla,
738 1240 799 1321 qui
822 1241 887 1303 sub
908 1239 976 1304 isto
994 1238 1131 1303 Othone
1145 1239 1302 1322 pluribus
1317 1242 1408 1305 mili-

453 1347 590 1405 taverat
605 1341 716 1414 annis,
734 1359 827 1422 saepe
844 1339 887 1403 de
901 1339 962 1403 illo
984 1358 1061 1403 cum
1079 1358 1207 1420 magna
1223 1340 1407 1406 devotione

452 1441 579 1506 referre
594 1441 740 1517 solebat,
752 1440 844 1522 quod
858 1458 935 1503 eum
951 1439 1103 1503 instante
1120 1446 1230 1503 morte
1242 1440 1406 1505 viaticum

452 1541 603 1625 recipere
618 1539 720 1627 (quia
733 1539 817 1604 nihil
834 1540 981 1603 retinere
994 1535 1150 1623 poterat)
1167 1559 1236 1603 non
1253 1540 1406 1619 auderet,

366 1627 372 1640 ’
453 1648 568 1705 tamen
582 1660 709 1724 corpus
723 1639 878 1704 Guarsuu
891 1640 934 1703 ad
946 1638 1148 1704 instantiam
1166 1639 1254 1723 ejuS,
1270 1640 1406 1705 utillud

452 1740 596 1818 videret,
630 1740 774 1804 allatum
810 1739 985 1803 humiliter
1016 1739 1201 1804 adoravit:
1244 1733 1295 1804 ¹et
1326 1760 1405 1805 cum

451 1841 552 1922 quasi
585 1840 846 1924 amplexaturus
881 1837 1030 1902 brachiis
1064 1839 1242 1922 expansis,
1275 1840 1405 1906 nudato

451 1941 580 2022 pectori
601 1940 872 2023 approximaret,
895 1938 1009 2002 hostia
1031 1938 1093 2016 illa
1115 1939 1150 2001 in
1173 1938 1250 2003 loco
1272 1941 1331 2003 ubi
1346 1961 1406 2005 cor

451 2039 567 2118 latuit,
581 2040 696 2132 subito
710 2040 803 2104 facta
814 2045 989 2122 apertura,
1006 2037 1151 2103 intravit
1163 2039 1344 2121 prosiliens
1362 2041 1404 2105 de

452 2140 610 2204 manibus
639 2140 840 2216 sacerdotis,
873 2145 914 2202 et·
942 2140 1072 2222 absque
1107 2139 1200 2203 omni
1233 2141 1404 2204 cicatricis

453 2241 599 2322 vestigio
633 2240 788 2304 reclusus
818 2246 871 2302 est
906 2238 1017 2315 locus,
1051 2238 1170 2321 sicque
1199 2239 1405 2310 decumbens

451 2339 609 2422 spiritum
625 2341 784 2404 reddidit.

287 2447 400 2489 nerana
503 2440 705 2506 Fredericus
729 2440 856 2504 Siciliae
874 2459 949 2517 rex,
972 2440 1032 2522 qui
1053 2435 1116 2503 'ad
1136 2439 1274 2523 jussum
1296 2441 1403 2506 Inno-

286 2499 383 2589 h'iffihh
449 2542 554 2604 centii
590 2561 690 2624 papae
721 2540 929 2622 Maguntiae.
948 2539 985 2602 in
1018 2559 1133 2620 regem
1166 2539 1401 2607 Romanorum

286 2599 416 2740 ἓξὲξ-Μ
448 2639 562 2704 fuerat
584 2646 781 2717 coronatus,
804 2639 924 2704 audita
945 2639 1029 2721 fuga
1046 2638 1196 2704 Othonis
1219 2642 1311 2723 apud
1335 2643 1404 2706 Bo·
1496 2673 1506 2684 ·

323 2711 337 2750 γ
372 2726 377 2739 ’
448 2741 560 2816 vinas,
582 2741 728 2805 collecto
755 2739 909 2803 exercitu
933 2739 975 2802 de
999 2739 1156 2822 partibus
1184 2739 1320 2804 Sueviae
1344 2743 1403 2807 ubi

448 2846 531 2903 tunc
546 2842 758 2916 morabatur,
776 2838 1036 2922 Aquisgranum
1057 2839 1244 2916 contendit,
1265 2848 1300 2904 et
1316 2843 1402 2906 civi·

447 2946 553 3002 tatem
570 2939 730 3003 obsidens
745 2938 884 3003 tandem
896 2938 1007 3021 cepit3
1031 2946 1066 3002 et
1084 2940 1121 3002 in
1138 2939 1257 3004 eadem
1276 2949 1401 3008 octavo

447 3037 608 3102 calendas
631 3038 784 3121 Augusti
812 3039 846 3102 in
872 3058 987 3120 regem
1012 3029 1248 3104 Romanorum
1275 3041 1401 3106 iterum

446 3145 644 3204 coronatur.

239 3245 246 3258 '
284 3250 419 3340 2:¹³3}
496 3238 519 3302 J
523 3259 651 3303 oannes
672 3259 735 3304 rex
752 3240 891 3322 Angliae
913 3259 981 3304 una
1007 3259 1085 3303 cum
1111 3241 1293 3305 comitibus
1318 3239 1402 3304 Ces·

283 3311 407 3400 unchen·
446 3339 534 3414 triae,
564 3333 762 3425 ³Derbeyae,
794 3339 940 3421 aliisque
968 3340 1152 3415 nobilibuS,
1182 3359 1318 3404 crucem
1347 3360 1401 3404 ac-

445 3439 536 3522 cepit
550 3458 571 3502 a
585 3440 761 3505 Willelmo
774 3438 1008 3505 Londoniensi
1025 3440 1186 3522 episcopo
1202 3440 1238 3504 in
1254 3440 1401 3505 ecclesia

445 3537 481 3628 S.
499 3538 624 3617 Pauli;
649 3560 769 3604 uerum
785 3541 990 3604 adversante
1006 3538 1146 3602 fortuna
1164 3559 1233 3602 non
1255 3540 1353 3603 licuit
1370 3540 1401 3603 ei

445 3644 517 3702 tam
539 3639 616 3703 utili
639 3659 763 3704 vacare
786 3639 977 3724 proposito,
1001 3637 1260 3720 insurgentibus
1281 3645 1403 3703 contra

445 3757 522 3802 eum
538 3739 725 3803 baronibus
748 3740 821 3803 suis
843 3744 923 3822 post
947 3737 1097 3813 Pascha,
1120 3759 1161 3802 eo
1182 3739 1276 3820 quod
1298 3738 1401 3802 liber-

446 3845 537 3902 tates
564 3846 599 3902 et
620 3839 704 3922 jura
731 3841 774 3903 ab
798 3859 839 3902 eo
866 3837 988 3921 petita,
1014 3845 1050 3901 et
1077 3843 1117 3901 ut
1140 3839 1299 3908 dicebant
1325 3859 1401 3921 pro-

445 3939 563 4015 missa,
574 3933 657 4002 4non
671 3938 877 4022 persolverit
888 3956 951 4001 nec
967 3937 1162 4020 impleverit
1177 3937 1399 4003 ineffectum:

481 4136 488 4165 ¹
508 4133 593 4187 Hall's
602 4138 761 4187 emendation
771 4155 777 4189 ι
789 4133 910 4202 ‘ettum3’
972 4135 982 4166 ⁸
997 4138 1105 4200 ‘Derby
1115 4135 1130 4200 ;'
1142 4139 1182 4188 M.

446 4210 506 4257 cod.
521 4208 585 4270 Reg.
973 4205 982 4235 ⁴
999 4209 1006 4236 ‘
1021 4223 1071 4257 non
1093 4209 1223 4270 persolvit,
1246 4225 1292 4260 nec
1312 4211 1401 4272 imple-

479 4276 490 4305 ²
504 4278 594 4340 ‘jussu
607 4271 620 4337 ;’
633 4277 673 4327 M.
685 4277 763 4328 etAr.
937 4282 1007 4328 verat
1013 4279 1030 4339 ;’
1042 4280 1093 4328 M.:
1106 4278 1163 4328 ‘vel
1173 4276 1340 4341 impleverat3’
1352 4280 1399 4331 Ar.
