3252 5026
619 471 804 519 aurnuns.
1118 459 1183 522 193

225 629 315 693 unde
333 637 368 692 et
383 648 444 710 per
459 627 628 710 quendam
644 630 847 693 canonicum
861 629 1054 710 regularem
1066 631 1179 712 ipsum

223 727 422 792 diffiderunt
449 727 540 810 apud
566 725 785 809 Redingiam,
810 731 912 794 tertio
943 749 1052 793 nonas
1079 730 1178 794 Maii.

223 828 379 892 loannes
402 847 465 891 rex
492 826 705 891 Willelmum
730 829 772 891 de
798 828 1046 911 Longa-spata,
1073 832 1178 893 corni-

224 937 293 993 tem
325 927 632 1004 saresberiensem,
660 946 682 990 a
715 926 860 992 Gallicis
885 938 1039 1010 captum,
1068 937 1177 993 muta·

225 1029 317 1093 tione
353 1027 497 1092 Roberti
533 1026 592 1089 filii
621 1027 755 1090 comitis
792 1028 985 1092 Drocarum
1022 1027 1178 1105 redemit,

225 1128 306 1197 licet
329 1147 374 1190 ex
402 1127 606 1209 quibusdam
635 1127 748 1189 causis
772 1127 837 1190 hoc
863 1129 958 1210 prius
985 1129 1098 1192 lacere
1122 1148 1176 1192 re·

225 1229 366 1291 nuisset.
419 1225 553 1290 Civitas
573 1224 841 1304 Londoniarum,
866 1246 887 1290 a
904 1247 986 1308 rege
1003 1228 1176 1305 deficiens,
1187 1248 1274 1288 concon

224 1327 355 1391 decimo
393 1334 494 1390 sexto
530 1324 693 1390 calendas
723 1325 747 1389 J
750 1325 812 1389 ulii
848 1345 885 1390 se
920 1327 1099 1391 transtulit
1131 1329 1175 1392 ad
1187 1299 1328 1397 lil⁰ld⁸nfgl⁰m

224 1428 382 1491 barones.
437 1425 515 1489 Rex
536 1424 559 1488 J
563 1443 693 1488 oannes
715 1426 842 1489 multos
865 1426 908 1489 de
929 1427 1116 1490 baronibus
1141 1436 1177 1492 et
1189 1400 1245 1438 '⁰¹¹⁰
1254 1401 1286 1438 ²⁶'

225 1526 391 1590 militibus
411 1525 447 1588 in
468 1532 583 1588 castro
606 1523 774 1602 Roffensi,
799 1524 891 1607 quod
916 1525 981 1589 sibi
1008 1534 1087 1608 post
1113 1527 1175 1590 ali-

224 1626 360 1708 qualem
384 1624 595 1688 obsidionem
618 1623 787 1688 redditum
811 1625 936 1702 suerat,
959 1626 1062 1708 cepit,
1080 1633 1114 1690 et
1133 1626 1176 1690 ad

226 1733 377 1790 castrum
412 1724 546 1805 insigne
582 1723 625 1786 de
665 1723 754 1788 Corf
786 1725 942 1805 captivos
974 1726 1175 1790 transmisit.

225 1825 381 1891 Berones
400 1823 624 1900 Lodovicum,
646 1824 738 1904 regis
762 1823 976 1887 Francorum
998 1824 1118 1902 filium,
1140 1826 1175 1888 in

225 1944 325 1988 suum
345 1922 534 1988 subsidium
553 1931 712 2000 evocant,
728 1921 850 2000 eidem,
868 1943 949 2004 rege
963 1923 986 1987 J
989 1943 1101 1988 oanne
1114 1945 1176 1988 ex·

224 2024 337 2105 pulso,
377 2042 519 2103 regnum
557 2019 695 2102 Angliee
734 2023 985 2103 promittentes
1046 2024 1176 2087 Eodem

224 2142 314 2192 anno
341 2141 456 2187 mense
483 2121 676 2203 Septembri
706 2121 807 2185 multi
838 2122 904 2185 viri
931 2122 1062 2186 nobiles
1091 2124 1176 2187 Bra-

225 2223 359 2287 bantini
380 2230 415 2286 et
434 2221 675 2298 Flandrenses,
696 2220 843 2302 profusis
867 2222 959 2302 regis
981 2221 1176 2304 Anglorum

225 2321 404 2406 stipendiis
435 2321 562 2397 allecti,
593 2320 747 2384 volentes
779 2319 1001 2384 transfretare
1035 2321 1071 2384 in
1103 2320 1177 2386 An.

225 2423 343 2504 gliam,
366 2421 461 2504 passi
483 2419 702 2501 naufragium
720 2420 809 2483 inter
831 2418 957 2484 fluctus
979 2421 1175 2503 periclitam

227 2529 284 2586 tur
299 2522 459 2584 marinos.

277 2621 358 2685 Hoc
384 2640 474 2684 anno
501 2639 617 2683 mense
645 2619 834 2684 Novembri
865 2622 928 2685 sub
952 2640 1044 2704 papa
1072 2621 1314 2706 Iuno-rhenum

225 2723 338 2786 centio
358 2720 589 2784 Lateranense
608 2719 801 2784 celebratur
821 2715 1026 2799 concilium,¹
1047 2722 1083 2784 in
1108 2742 1176 2805 quo
1189 2695 1304 2787 dallllnl'f

228 2822 302 2886 lata
317 2827 370 2886 est
388 2819 561 2897 sententia
581 2813 964 2885 ²excommunicationis
988 2821 1023 2883 in
1048 2841 1178 2899 omnm,

227 2920 288 3003 qui
304 2939 420 3001 regem
436 2918 575 3000 Angliae
590 2921 796 3000 satagebant
813 2919 855 2983 de
872 2940 979 3002 regno
997 2941 1060 2985 suo
1074 2921 1178 2985 modo

227 3020 380 3103 quolibet
408 3019 604 3084 exturbare.
656 3017 884 3102 Raymundus
911 3025 1025 3084 comes
1049 3021 1179 3085 Tholo-

228 3139 345 3196 sanus,
361 3139 437 3183 cum
459 3118 531 3184 filio
549 3138 612 3182 suo
630 3117 850 3200 Raymundo,
874 3121 1045 3200 pravitate
1068 3120 1179 3202 pollu-

227 3227 284 3284 tus
301 3219 462 3282 haeretica
476 3217 744 3294 condemnatum
763 3233 865 3300 quem
882 3219 1100 3299 postmodum
1116 3240 1178 3284 rex

230 3319 441 3385 Francorum
462 3335 678 3398 expugnans,
696 3317 932 3382 Tholosanum
954 3318 1103 3381 obtinuit
1120 3338 1178 3381 co·

229 3419 398 3482 mitatum.
462 3416 616 3480 Libellus
646 3416 688 3480 de
719 3416 902 3490 Trinitate‚
935 3435 1035 3498 quom
1070 3418 1178 3481 abbas

229 3517 252 3580 J
255 3517 389 3582 oachim
412 3523 533 3582 contra
555 3515 759 3595 magistrum
785 3515 926 3579 Petrum
946 3514 1178 3580 Lumbardum

229 3616 457 3681 Parisiensem
471 3617 669 3698 episcopum
683 3615 801 3692 edidit,
814 3615 1028 3696 reprobatur.
1060 3609 1179 3679 ³Dam-

230 3724 401 3781 natusest
418 3722 453 3779 et
469 3714 664 3781 Amalricus
682 3714 833 3797 quidam,
848 3734 925 3778 cum
943 3733 1007 3778 sua
1024 3715 1181 3779 doctrina

228 3817 336 3899 impia
363 3825 397 3879 et
417 3833 598 3897 perversa.
654 3813 815 3879 Asseruit
839 3833 986 3896 namque
1018 3815 1114 3878 ideas
1143 3816 1179 3884 iu

232 3923 345 3985 mente
360 3915 490 3978 Divina
504 3921 539 3978 et
556 3933 684 3991 creare,
698 3922 732 3978 et
747 3914 856 3979 creari
870 3934 878 3993 ;
905 3914 1049 3996 ideoque
1066 3913 1179 3978 Deum

266 4112 276 4146 ¹
298 4115 352 4162 'l'be
380 4114 477 4164 twelfth
505 4113 616 4164 General
644 4113 695 4162 aad
757 4109 1091 4174 '‘excommunicationis;’
1109 4115 1182 4164 omit-

232 4184 315 4233 t'ourth
327 4182 427 4233 council
439 4183 468 4232 oi
476 4185 593 4233 Lateran.
630 4182 696 4232 Con·
721 4183 764 4231 ted
775 4183 801 4231 in
814 4183 860 4234 Ar.

233 4255 388 4303 sultBaron.
400 4257 504 4302 ubit
516 4258 605 4314 etseq.
757 4247 1038 4312 ³‘Damnatu13‘n’l.
1127 4277 1128 4280 ¹

1012 4361 1033 4404 Ο
