3226 5020
603 508 785 557 nunnnns.
1108 491 1176 556 329

225 669 364 734 nomine
390 668 483 750 regis
511 664 670 731 Francius
694 672 903 750 poneretur;
935 649 978 730 do
1008 666 1173 730 ministris
1188 683 1312 725 connium

226 789 364 852 quoque
386 788 449 851 per
470 785 586 848 regem
610 766 750 848 Angliae
772 767 809 831 in
836 765 1014 832 Vasconia
1040 767 1174 850 positis,
1185 737 1285 786 (ΠΜ

226 869 373 952 aliisque
390 888 452 950 per
464 874 574 931 totam
590 874 730 944 terram,
749 886 812 949 pro
828 867 928 931 libitu
951 866 1043 949 regis
1063 867 1173 931 Fran·

227 989 344 1033 corum
380 968 517 1032 obsides
550 967 777 1032 traderentur.
846 966 982 1045 Quibus
1013 967 1174 1049 peractis,
1264 949 1275 966 ’

228 1088 291 1132 rex
316 1069 473 1133 Franciae
495 1066 693 1131 citationem
716 1067 750 1130 in
774 1066 856 1130 aula
879 1066 1068 1131 Parisiensi
1089 1069 1175 1150 pub-

228 1169 367 1233 licatam
397 1168 527 1232 faceret
557 1167 740 1231 revocari:
781 1175 898 1230 castra
930 1186 1013 1231 vero
1047 1168 1177 1244 omnia,

230 1269 354 1333 amotis
377 1267 605 1332 servientibus
624 1267 659 1330 in
681 1266 880 1330 civitatibus
900 1266 1023 1349 positis
1045 1274 1081 1332 et
1097 1286 1174 1330 cas·

232 1369 307 1446 tris
335 1367 540 1449 obsidesque
566 1365 609 1430 ad
638 1366 839 1449 petitionem
869 1366 1013 1430 duarum
1039 1367 1176 1449 regina-

231 1488 319 1546 rum,
349 1466 405 1532 vel
436 1467 539 1531 unius
571 1485 701 1543 earum,
730 1467 927 1530 restitueret
961 1467 1035 1530 sine
1069 1487 1174 1531 mora.

232 1567 379 1650 Rexque
408 1566 553 1648 ,Angliae
582 1585 747 1630 concesso
777 1565 843 1630 sibi
876 1567 974 1631 salvo
1003 1567 1176 1632 conductu

231 1665 413 1730 Ambianis
445 1667 589 1744 veniret,
612 1672 651 1729 ut
681 1667 729 1729 ibi
760 1666 878 1730 babito
906 1660 1026 1732 mutuo
1056 1687 1176 1749 regum

232 1767 416 1850 colloquio,
432 1786 503 1850 pax
519 1773 554 1831 et
570 1766 722 1830 amicitia
737 1766 773 1828 in
790 1773 965 1849 posterum
985 1760 1178 1831 ¹firmaren-

232 1875 299 1932 tur.
359 1867 471 1949 Super
510 1866 564 1930 his
596 1866 762 1930 confectis
795 1868 946 1950 scriptiS,
979 1887 1084 1930 unum
1116 1887 1178 1950 per

231 1967 369 2048 reginas
387 1967 562 2048 signatum
585 1965 789 2030 Eadmundo
813 1967 972 2044 traditur,
990 1966 1084 2033 aliud
1110 1969 1178 2050 sig-

233 2075 352 2130 natum
375 2068 419 2130 ab
438 2067 642 2130 Eadmundo
664 2066 1077 2150 commendaturreginiS,
1100 2087 1179 2150 quae

233 2166 316 2230 data
339 2167 406 2230 fide
429 2167 464 2229 in
486 2185 591 2230 manu
613 2165 805 2229 Eadmundi
824 2167 1054 2248 promiserunt
1076 2174 1181 2250 pacta

232 2267 269 2328 in
285 2267 424 2348 scriptis
439 2265 526 2330 inita
544 2264 740 2329 nullatenus
756 2265 929 2332 violanda.
954 2292 956 2295 ·

285 2365 503 2430 certificatus
522 2384 627 2447 super
647 2364 701 2428 his
722 2385 785 2428 rex
803 2363 944 2446 Angliae
963 2386 1025 2448 per
1047 2385 1180 2448 genna·
1194 2388 1341 2450 preparentur

236 2485 316 2528 num
362 2484 495 2544 suum„
517 2464 668 2528 litteram
710 2484 814 2528 unam
858 2472 1034 2547 patentem
1071 2441 1333 2534 dirce-iiiiiifwfi'

235 2573 305 2629 tam
334 2565 491 2628 omnibus
517 2565 683 2629 ministris
710 2565 783 2628 suis
806 2565 842 2627 in
864 2565 1052 2644 Vasconia,
1074 2568 1181 2631 conti-

236 2672 373 2729 nentem
418 2664 619 2728 mandatum
664 2671 704 2728 ut
742 2665 778 2727 in
811 2666 969 2729 omnibus
1008 2667 1181 2732 voluntati

237 2765 328 2846 regis
358 2765 570 2828 Francorum
597 2757 859 2846 ²obtemperent,
885 2767 1077 2831 transmisit
1102 2787 1180 2849 ger-

235 2883 350 2941 mano,
374 2884 436 2946 per
454 2884 532 2928 eum
558 2860 654 2949 (cum
676 2863 742 2928 sibi
764 2862 956 2950 videretur)
979 2867 1122 2931 ulterius
1146 2869 1183 2931 in

236 2963 445 3028 Vasconiam
488 2965 797 3029 transmittendam.
870 2965 1027 3048 Recepta
1066 2967 1183 3032 littera

237 3065 473 3142 EadmunduS,
491 3065 620 3130 veritus
642 3084 718 3128 eam
740 3066 974 3130 transmittere
995 3074 1182 3150 antequam

236 3164 313 3241 sibi
324 3171 499 3228 constaret
525 3183 571 3227 an
591 3184 654 3228 rex
674 3165 748 3247 ipse
770 3159 966 3247 acceptaret
991 3169 1183 3249 quaefacta

236 3264 374 3328 fuerant
401 3283 463 3346 per
485 3265 634 3346 reginas
656 3264 782 3346 petivit
806 3266 851 3328 ab
873 3265 936 3342 eiS,
965 3272 1004 3329 ut
1030 3287 1092 3348 per
1113 3268 1185 3332 dic-

237 3371 310 3427 tum
328 3357 433 3445 ³regis
445 3365 623 3446 proprium
641 3382 746 3447 super
767 3364 955 3446 praemissis
972 3367 1098 3431 certior
1110 3368 1183 3432 red-

236 3462 386 3529 deretur.
444 3464 605 3546 Denique
635 3465 865 3546 praesentibus
895 3465 1099 3531 Eadmundo
1132 3489 1185 3532 re·

237 3563 290 3645 gis
322 3562 469 3645 -Angliae
511 3582 676 3645 germano
714 3570 749 3628 et
788 3583 897 3628 uxore
928 3584 993 3628 sna
1032 3559 1185 3632 *Blanca

237 3664 356 3745 regina
396 3663 578 3741 Navarrae,
614 3670 723 3728 matre
757 3663 885 3745 reginae
920 3665 1090 3742 Franciae,
1122 3688 1185 3732 nec

237 3783 305 3827 non
329 3763 417 3827 duce
441 3763 666 3845 Burgundiae‚
694 3761 847 3844 Hugone
869 3764 912 3828 de
933 3764 1006 3828 Ver
1032 3766 1103 3830 filio
1126 3787 1184 3832 co·

237 3864 331 3927 mitis
369 3863 529 3942 Oxoniee‚
567 3882 610 3926 ac
637 3863 762 3927 clerico
796 3864 945 3945 quodam
973 3863 1112 3932 Joanne
1143 3868 1186 3932 de

239 3962 346 4046 Lacy,
369 3983 432 4027 rex
457 3965 532 4046 ipse
554 3964 723 4045 promissa
744 3965 952 4045 reginarum,
970 3983 1012 4028 ac
1029 3959 1187 4049 ⁵peracta

274 4177 282 4208 ¹
300 4175 483 4239 ‘inminutum'
496 4180 578 4230 MSS.
711 4219 712 4224 ,
762 4179 771 4207 ⁴
790 4183 922 4232 ‘Bianoha
932 4178 946 4242 ;'
959 4184 1009 4234 M.:
1020 4186 1028 4212 ‘
1038 4185 1163 4234 Blanohiu
1173 4184 1189 4247 ;’

273 4247 283 4276 ²
301 4245 542 4311 ‘obtemperarem'
561 4251 599 4301 M.
729 4249 776 4301 Ar.

273 4317 285 4350 ³
301 4315 399 4382 ‘ejus;'
412 4321 451 4369 M.
764 4319 773 4348 ὗ
790 4319 903 4383 ‘pactam'
915 4322 961 4372 Ar.
973 4328 997 4372 et
1008 4324 1055 4373 Ar.
1070 4329 1128 4375 220.
