3226 5020
640 509 825 558 Anninus
1142 496 1208 561 283

252 673 395 729 natante
428 668 599 745 transivit,
628 676 663 732 et
691 668 900 750 crepidinem
933 667 1023 732 alvei
1055 667 1206 732 fluminis

249 764 396 829 decursu
427 775 584 831 cavatam
623 787 701 832 eum
740 766 942 831 difficultate
981 767 1205 844 adscendens,

250 864 367 945 gladio
398 873 557 931 extracto
585 867 779 950 insequitur
800 867 875 950 jam
901 885 991 950 equo
1016 885 1205 932 conscenso

250 964 395 1028 alterum
417 966 625 1048 fugientem
649 968 709 1050 qui
730 968 870 1030 tandem
896 965 1097 1049 perfugam
1122 987 1204 1031 eva-

248 1063 329 1127 dere
346 1066 545 1149 desperaos,
567 1073 729 1150 regyrato
747 1085 848 1148 equo,
862 1066 1062 1148 nudatoque
1079 1068 1203 1148 capite,

250 1164 376 1226 collum
397 1166 618 1248 protendens,
642 1165 804 1230 Edwardi
826 1185 865 1229 se
880 1165 1006 1230 obtulit
1020 1165 1204 1232 voluntati.

252 1261 440 1357 Quolfacto
457 1266 502 1329 ab
521 1267 653 1348 impetu
669 1285 732 1329 suo
749 1264 880 1328 fractus
902 1265 994 1328 iilius
1015 1266 1108 1345 regis
1130 1266 1205 1347 gla-

249 1362 341 1426 dium
368 1365 523 1446 reposuit
545 1365 581 1428 in
600 1364 774 1446 vaginam,
797 1365 993 1446 reversique
1014 1363 1094 1428 inde
1111 1365 1206 1447 paci-

251 1461 314 1524 fice
329 1461 474 1527 falconis
491 1465 601 1528 relicti
615 1483 734 1528 curam
752 1472 909 1544 egerunt.

302 1561 373 1626 Hic
385 1569 539 1646 tempore
556 1584 626 1647 quo
642 1571 742 1647 pater
758 1563 939 1627 defunctus
961 1570 1026 1639 est,
1043 1563 1080 1626 in
1096 1563 1206 1628 Terra
1217 1577 1336 1617 Proclama·

1216 1628 1260 1666 tion
1270 1629 1294 1666 or
1300 1630 1336 1668 tire

250 1659 379 1725 Sancta
403 1683 631 1741 commorans,
665 1663 830 1746 obsequio
858 1661 979 1726 Crucis
1011 1663 1203 1740 insistebat,
1216 1679 1353 1728 vounrkinr.
1432 1731 1434 1734 .

1216 1728 1264 1767 who
1272 1729 1316 1768 still

251 1760 442 1845 absensque
473 1763 571 1845 regni
596 1763 927 1828 administrationem
957 1763 1101 1845 exsequi
1135 1779 1335 1868 ¹¹011ffg¹¹335⁰521

250 1860 408 1926 valebat:
437 1864 704 1947 propterquod,
731 1862 786 1926 die
809 1863 968 1943 proximo
993 1868 1074 1944 post
1095 1865 1204 1944 patris
1215 1878 1282 1918 nnn.
1335 1840 1349 1878 y

249 1960 325 2042 ejus
351 1962 576 2044 sepulturam,
609 1964 715 2027 frater
738 1962 914 2026 Robertus
945 1961 1203 2027 Cautuariensis

250 2060 389 2140 praesul,
420 2069 455 2125 et
478 2061 658 2127 Gilbcrtus
692 2057 939 2126 Glovernensis
971 2081 1096 2138 eomes,
1125 2061 1203 2127 eum

248 2159 326 2222 aliis
365 2161 520 2242 praelatis
557 2181 598 2226 ac
637 2163 735 2243 regni
766 2161 977 2244 proceribus,
1014 2160 1202 2227 Londoniis

249 2259 341 2340 apud
358 2260 499 2324 Novum
518 2261 700 2344 Templum
720 2262 973 2337 convenientes,
992 2260 1201 2325 Edwardum

249 2358 425 2423 absentem
443 2359 620 2424 dominum
644 2380 746 2424 suum
761 2355 897 2440 ¹ligium
913 2370 1200 2441 recognoverunt,

249 2461 452 2543 paternique
477 2480 709 2525 successorem
741 2460 904 2540 honoris3
940 2459 1202 2524 ordinaverunt-

248 2576 315 2638 que
343 2559 386 2622 de
414 2578 558 2623 assensu
587 2561 717 2642 reginae
749 2560 870 2624 matris
903 2560 1064 2624 custodes
1091 2561 1200 2642 regni,

250 2657 494 2740 ministrosque
522 2660 651 2738 fideles,
674 2661 734 2743 qui
761 2660 857 2740 regio
884 2659 969 2724 fisco
1000 2668 1200 2741 praeessent,

244 2763 284 2820 et
305 2764 492 2839 proventus
515 2761 612 2842 regni
642 2761 685 2823 ad
708 2779 796 2842 opus
818 2759 911 2840 regis
938 2760 1019 2822 novi
1047 2779 1091 2822 ex
1114 2760 1202 2824 inte-

249 2875 312 2936 gro
340 2865 567 2937 reservarent,
589 2860 690 2943 cujus
713 2879 831 2942 pacem
850 2859 926 2942 jam
957 2858 1084 2941 ubique
1113 2860 1201 2923 fece·

248 2963 328 3019 runt
365 2977 426 3040 per
465 2957 628 3040 Angliam
662 2959 879 3041 proclamari.
943 2957 1073 3022 Eodem
1111 2978 1201 3024 anno

250 3055 471 3122 Eadmundus
504 3059 596 3122 filius
628 3059 733 3140 regis,
766 3077 881 3122 comes
911 3056 1136 3138 Laneastriae,
1159 3059 1201 3124 de

247 3154 356 3219 Terra
374 3157 501 3222 Sancta
518 3158 657 3222 advenit
675 3160 711 3221 in
728 3157 903 3238 Angliam.

281 3367 411 3405 D.N.J.c.
499 3371 698 3406 montmarin
711 3372 737 3407 ll.
830 3370 984 3405 issncoaum
1036 3373 1175 3408 ANGLORUM

243 3475 245 3480 ·
274 3454 416 3492 ltoetxxlil.
457 3457 616 3493 onssomix.
662 3457 771 3492 sinum
822 3457 935 3492 PHILIPPl
946 3458 989 3494 111.
1031 3458 1149 3496 unwanni
1161 3447 1191 3497 ²1.

298 3654 500 3718 Pmrvorrns
533 3656 714 3720 Teutonico
748 3657 992 3720 convenientes
1023 3658 1059 3720 in
1093 3667 1343 3768 unumflssssssffl

248 3752 436 3818 Radulfum
460 3747 520 3818 ³de
545 3755 650 3820 Assio
677 3756 835 3819 comitem
860 3756 991 3820 Rufum
1022 3757 1199 3838 elegerunt
1211 3767 1306 3865 gffiffi
1314 3817 1338 3856 os
1395 3853 1397 3858 Δ

1211 3868 1326 3916 Germuny.

283 3927 289 3956 ¹
308 3932 465 3994 ‘legitimum
471 3929 486 3994 ;'
498 3932 546 3983 Ar.
558 3938 615 3983 22⁰.
735 3934 869 3984 consessor
880 3949 909 3984 as
919 3934 961 3984 the
973 3935 1050 3985 third.
1080 3930 1198 3985 D'Ache·

734 4005 788 4053 rius
799 4004 846 4053 has
856 4007 864 4032 ⁴
874 4004 916 4053 the
929 4001 1013 4054 third?

282 4063 351 4115 'All
362 4067 404 4116 the
414 4069 709 4118 MSSbave‘Edwardi
770 4071 848 4123 '‘de
871 4070 963 4123 Assio’
984 4089 1026 4123 are
1053 4075 1116 4124 from
1139 4076 1196 4124 M.:

245 4131 299 4186 1v.'
311 4138 569 4199 reclroningEdvvard
581 4139 710 4188 theElder
735 4143 839 4194 ‘Rauso
861 4140 963 4194 d’Assie
985 4149 1076 4194 counte
1100 4146 1197 4209 Rous;'

246 4221 274 4254 as
286 4206 327 4255 tbe
345 4208 406 4268 first,
423 4209 534 4258 Edward
549 4209 591 4260 tbe
611 4209 711 4270 Martyr
737 4213 778 4262 Fr.
789 4215 831 4264 Tr.
868 4216 885 4265 i.
897 4230 919 4266 e.
939 4215 1055 4277 Redolph
1070 4215 1099 4264 oi
1111 4216 1198 4278 Haps-

247 4290 275 4324 as
291 4276 333 4324 the
350 4277 452 4339 second,
468 4279 518 4327 and
537 4279 650 4327 Edward
668 4280 710 4328 the
736 4283 826 4344 baurg.
