3226 5020
594 542 779 592 Anninus.
1094 529 1161 594 309

209 699 245 762 in
267 697 445 781 Apuliam,
469 699 575 765 Siculi
601 707 723 765 contra
745 700 919 784 Neapolin
940 707 1017 765 cu‘m
1034 701 1158 784 viginti

208 805 341 880 septem
361 800 470 880 galeis
489 808 657 864 venerunt
673 803 838 878 armatis3
864 795 1047 865 ¹adrersus
1069 821 1157 883 quos

210 897 356 962 Carolus
408 899 501 962 filius
552 901 643 981 regis
691 899 819 975 Caroli,
867 908 950 964 tunc
997 901 1157 984 princeps

212 996 366 1074 Achaiae,
398 1017 558 1080 egressus
591 1019 666 1062 cum
699 1019 828 1081 magna
861 999 1038 1081 galearum
1071 1001 1157 1064 mul-

211 1097 356 1160 titudine
384 1099 427 1162 ad
451 1098 687 1180 pugnandum,
713 1100 949 1163 obtinentibus
974 1101 1155 1164 victoriam

208 1196 376 1272 hostibus„
394 1205 516 1280 captus
540 1206 594 1262 est
611 1217 688 1261 cum
712 1198 830 1262 multis
852 1197 940 1276 aliis,
962 1207 997 1263 et
1013 1199 1057 1263 ad
1073 1201 1155 1264 civi-

208 1304 313 1360 tatem
336 1296 536 1360 Messanam
563 1297 729 1361 deductus
754 1300 924 1381 captivus.
978 1299 1057 1363 Rex
1080 1298 1283 1363 Amsntuteor

208 1396 288 1476 gliae
316 1396 408 1478 apud
433 1395 571 1462 Actone
599 1397 729 1461 Burnel
758 1405 837 1480 post
865 1397 989 1462 festum
1022 1398 1057 1463 S.
1084 1368 1254 1463 Miiffinel

207 1495 337 1559 chaelis
377 1497 641 1578 parliamentum
681 1499 804 1574 tenuit,
844 1499 904 1561 ubi
942 1498 1072 1562 editum
1101 1507 1155 1563 est

206 1602 374 1659 statutum
402 1596 681 1677 cognominatum
707 1616 728 1661 a
754 1597 843 1661 loco.
903 1597 1034 1661 Eodem
1062 1618 1154 1663 anno

206 1713 288 1757 ossa
313 1694 406 1758 beati
428 1695 607 1773 Willelmi,
633 1695 861 1760 Eboracensis
893 1697 1154 1781 archiepiscopi,

205 1795 241 1856 in
282 1794 440 1858 altiorem
480 1794 592 1860 locum
633 1815 710 1859 cum
747 1796 965 1860 solemnitate
1002 1799 1153 1861 maxima

206 1892 471 1957 transferuntur.
517 1894 691 1959 Antonius
703 1894 745 1958 de
757 1893 888 1972 Becko,
903 1895 1064 1960 defuncto
1079 1897 1152 1961 Ro·
1165 1915 1267 1974 Arthona

205 1993 303 2057 berto
333 1993 375 2056 de
402 1993 536 2071 Insula,
567 1994 792 2059 Dnnelmensi
820 1994 995 2077 episcopo,
1018 1997 1052 2058 in
1077 1965 1316 2060 suc-ibbbllll

207 2112 377 2156 cessorem
399 2093 476 2176 ejus
502 2093 644 2171 electus,
670 2095 714 2158 ab
739 2094 950 2158 Eboracensi
985 2094 1154 2179 archiepi-

205 2210 312 2274 scopo
328 2200 560 2259 consecratur.

202 2419 204 2424 ¹
227 2407 356 2444 amc.
449 2410 472 2446 P.
487 2410 649 2447 ROMANORUM
661 2410 686 2445 n.
790 2409 943 2447 subticebunt
990 2411 1130 2447 aristobuli

214 2495 367 2534 uocnxmv.
406 2497 562 2534 ulnmnrrv.
626 2497 735 2534 aluntur
790 2498 951 2548 rnmrrrtm.
990 2497 1134 2534 unwnnnu.

470 2557 496 2602 4.
569 2587 571 2591 -
663 2557 702 2604 12.
850 2557 889 2602 14.
1041 2557 1081 2602 12.

257 2682 365 2748 Aron
383 2693 536 2748 castrum
552 2685 595 2748 de
613 2684 836 2760 Karnarvan,
855 2684 948 2767 quod
966 2704 1075 2766 nuper
1092 2703 1153 2748 rex
1167 2709 1261 2749 arnna

208 2781 345 2865 Angliae
366 2784 589 2848 fortissimum
610 2784 749 2860 fecerat,
773 2790 944 2848 natusest
963 2783 1035 2866 regi
1052 2783 1153 2860 filius,
1166 2761 1306 2850 &wia

206 2902 251 2946 ex
277 2885 414 2948 nomine
440 2883 549 2966 patris
576 2891 719 2948 vocatus
742 2883 947 2948 Edwardus.
997 2883 1089 2960 Rex,
1112 2882 1155 2946 de

207 2981 417 3048 Snowdonia
449 3004 510 3066 per
540 2983 704 3048 Walliam
738 2984 985 3047 occidentalem
1014 3002 1155 3065 progre-

207 3082 315 3159 diens,
345 3084 489 3147 intravit
517 3082 829 3164 Glomorgantiam,
858 3102 936 3165 quae
962 3082 1005 3147 ad
1029 3076 1154 3146 ²domi'·

207 3183 382 3245 nationem
405 3181 539 3246 comitis
560 3181 758 3246 Gloverniae
785 3183 939 3246 noscitur
961 3182 1153 3263 pertinere;

208 3289 434 3364 receptusque
460 3301 481 3344 a
510 3283 633 3346 comite
662 3302 738 3345 cum
766 3281 895 3344 honore
922 3282 1086 3358 maximo,
1109 3283 1153 3345 ab

207 3380 325 3444 eodem
347 3382 493 3463 propriis
509 3382 673 3464 impensis
692 3400 802 3464 usqne
823 3380 866 3443 ad
888 3387 1056 3444 terrarum
1077 3399 1154 3443 sua-

206 3499 282 3542 rum
314 3481 478 3544 terminos
510 3489 563 3544 est
596 3481 773 3545 deductus,
825 3479 918 3554 Rex,
951 3479 1154 3542 Bristollum

206 3580 361 3656 venienS,
395 3580 520 3643 ibidem
560 3580 685 3644 festum
722 3579 929 3644 Natiuitatis
962 3578 1154 3644 Dominicae

206 3679 318 3742 tenuit
335 3697 376 3742 eo
391 3698 493 3744 anno.
1137 3757 1139 3763 ,

258 3777 454 3860 Philippus,
489 3778 581 3842 filius
616 3778 708 3858 regis
743 3777 897 3859 Philippi
928 3777 1154 3854 Francorum,

207 3896 351 3941 uxorem
380 3876 481 3941 duxit
506 3876 694 3954 Joannam,
716 3877 821 3940 filiam
850 3877 942 3958 regis
971 3876 1156 3953 Navarrae,

206 3978 470 4059 privignamque
492 3975 687 4040 Eadmundi
709 3976 865 4058 germani
892 3977 982 4059 regis
1005 3974 1155 4056 Angliae,

205 4076 378 4158 accipiens
409 4097 486 4140 cum
519 4077 637 4141 eadem
672 4096 815 4158 regnum
850 4075 1090 4140 Navarrorum
1121 4082 1156 4138 et

242 4305 248 4337 ¹
268 4304 427 4369 ‘adversum'
444 4309 525 4359 MSS.
677 4305 682 4376 Ι
732 4305 743 4337 ²
761 4303 922 4369 ‘ditionem’
934 4308 981 4358 Ar.
992 4313 1017 4358 et
1028 4307 1076 4358 Ar.
1088 4313 1146 4358 220.
