3204 5028
804 521 876 568 Nlo.
900 519 1046 567 'l'RlVli'l'I

465 749 490 784 1).
503 748 528 783 N.
539 748 559 783 J.
570 748 594 784 0.
678 749 701 784 P.
714 749 877 784 Romanunm
891 750 917 786 lt.
1017 744 1172 784 mancorum
1230 750 1369 785 arsionum

472 833 591 873 mclxxn
612 835 758 872 Atnxnuunl
771 837 811 873 111.
828 834 958 872 inunum
969 837 987 872 1.
1009 817 1183 872 Lonovmlln.
1227 837 1333 874 nanntcl
1345 838 1375 874 11.

1278 897 1318 942 1⁷.

282 1080 406 1130 russina·
498 1060 680 1124 Morurun
704 1059 769 1124 hoc
796 1080 890 1124 anno
913 1060 1076 1124 Conanus
1099 1058 1172 1121 dux
1196 1058 1401 1137 Britanniae,

282 1133 427 1221 iiim?
428 1159 434 1182 ¹
448 1159 548 1242 cujus
574 1160 749 1237 ducatum,
774 1180 852 1223 cum
879 1159 1044 1222 comitatu
1073 1157 1335 1222 Richemundiae
1365 1167 1400 1223 et

283 1231 423 1331 ‘'n‘iiiiiimf
446 1259 576 1324 honore
602 1252 806 1342 ¹Gibewyci,
835 1257 1013 1321 Galfridus
1036 1257 1127 1320 filius
1153 1257 1245 1338 rogis
1267 1256 1398 1340 Anglo-

446 1378 522 1422 rum
556 1358 717 1435 obtinuit,
757 1377 819 1441 spe
857 1357 1051 1421 futurarum
1091 1356 1289 1438 nuptiarum
1320 1376 1398 1421 cum

447 1456 654 1522 Constantia
670 1456 822 1540 ejusdcm
841 1455 976 1521 Conani
992 1454 1065 1518 filia
1081 1462 1117 1518 et
1132 1454 1268 1519 herede.

496 1556 520 1620 J
522 1556 612 1619 udaei
638 1555 823 1620 Blescnses
846 1556 882 1619 in
908 1554 1127 1619 solemnitate
1151 1552 1326 1632 Paschali,
1355 1556 1398 1620 ad

445 1655 666 1738 opprobrium
682 1653 967 1730 christianorum}
983 1672 1127 1736 puerum
1143 1650 1313 1734 quendam
1325 1673 1399 1718 cru·

446 1754 651 1828 cifixerunt3
690 1761 726 1818 et
750 1760 935 1830 mortuum,
965 1753 1001 1815 in
1032 1771 1134 1816 sacco
1166 1751 1330 1834 positum,
1362 1755 1398 1817 in

447 1852 587 1916 flumine
612 1851 747 1934 Ligeris
768 1851 1008 1936 projecerunt:
1034 1851 1133 1935 cujus
1154 1851 1292 1916 sceleris
1316 1871 1397 1916 con-

446 1950 541 2028 victi,
567 1969 685 2015 omnes
705 1971 727 2015 a
743 1951 943 2016 Theobaldo
961 1950 1085 2015 comite
1102 1949 1308 2014 Garnotensi
1324 1957 1397 2014 tra·
1497 1957 1501 1964 “

445 2049 575 2114 duntur
591 2050 676 2132 igni,
692 2051 858 2134 euceptis¹
869 2050 951 2127 illis,
968 2050 1028 2132 qui
1045 2049 1145 2113 fidem
1164 2047 1396 2114 Christianam

444 2151 596 2232 recipere
611 2149 805 2215 voluerunt.
851 2149 968 2213 Simile
985 2149 1098 2213 scelus
1113 2168 1135 2212 a
1152 2147 1175 2211 J
1177 2147 1299 2225 udaeis,
1315 2156 1399 2214 tem·

444 2268 528 2330 pore
553 2247 657 2332 hujus
686 2248 833 2313 Henrici
857 2249 962 2330 regis,
988 2247 1081 2331 apud
1111 2246 1335 2312 Gloverniam
1360 2249 1396 2313 in

445 2345 576 2429 Anglia
591 2347 716 2412 dicitur
731 2354 978 2431 perpetratum.

281 2461 357 2510 flend
495 2447 576 2511 Rex
608 2447 781 2513 Henricns
809 2447 925 2511 senior
947 2445 1035 2518 'fecit
1062 2438 1142 2527 ²per
1171 2445 1395 2510 Nornrannos

280 2511 415 2600 iiffiigi‘
442 2543 646 2629 investigari
668 2554 791 2634 terras,
817 2546 859 2610 de
882 2545 1007 2626 quibus
1025 2544 1200 2608 Henricus
1221 2564 1285 2608 rex
1308 2563 1395 2610 avus

281 2609 411 2661 “md'‘
442 2644 518 2728 ejus
546 2644 612 2708 fuit
633 2645 775 2708 saisitus
796 2644 852 2708 die
875 2663 945 2726 qua
966 2645 1073 2723 obiit;
1100 2650 1135 2707 et
1157 2663 1244 2726 quas
1271 2651 1395 2722 terras,

441 2748 598 2825 quasque
619 2742 741 2818 silvas
767 2750 803 2806 et
832 2761 910 2824 quoe
938 2742 1009 2806 alia
1036 2742 1209 2806 dominica
1234 2762 1395 2825 proceres

443 2841 669 2905 Normanniae
688 2847 943 2924 occupaverant
960 2847 1040 2923 post
1057 2847 1201 2904 mortem
1218 2841 1371 2924 ejusdem
1385 2863 1394 2922 ;

442 2947 477 3002 et
502 2941 553 3003 sic
582 2940 728 3005 ducatus
755 2940 980 3004 Normanniae
1010 2940 1163 3004 redditus
1191 2937 1397 3022 duplicavit*

443 3037 558 3101 Resus
573 3036 802 3103 Wallensium
832 3040 1004 3123 princeps,
1028 3058 1106 3102 cum
1136 3038 1308 3102 avunculo
1331 3059 1394 3105 suo

443 3135 587 3214 Oweno,
624 3137 826 3220 pacificatus
859 3146 913 3203 est
950 3157 1028 3201 cum
1067 3157 1148 3220 rege
1186 3136 1394 3218 Anglorum,

279 3251 406 3292 ussum
441 3254 558 3300 mense
574 3235 598 3299 J
600 3237 680 3300 ulio.
727 3236 807 3301 Rex
822 3237 914 3320 apud
930 3234 1228 3318 Argentomagum
1245 3237 1394 3301 barones

278 3301 401 3341 contemnes

278 3350 373 3389 vium
441 3352 523 3406 suos
546 3343 726 3412 convocat,
748 3335 791 3399 de
811 3335 1021 3417 profectione
1043 3336 1164 3398 suain
1187 3334 1392 3400 Hiberniam

278 3400 354 3438 baron·
363 3403 386 3439 at

277 3448 417 3538 lrrlerrgigonth
441 3431 559 3518 (cujus
598 3435 882 3517 conquisitionem
920 3440 1139 3499 concesserat
1173 3434 1204 3496 ei
1233 3433 1392 3500 dominus

276 3508 544 3638 {angit‘ofpapa
562 3533 667 3597 salvis
685 3533 906 3597 ecclesiarum
918 3532 1068 3615 juribus,
1086 3532 1295 3614 denarioque
1310 3553 1392 3613 uno,

362 3624 367 3636 ’
440 3632 499 3712 qui
522 3631 649 3694 dicitur
666 3630 775 3709 Petri,
797 3652 859 3714 per
880 3630 1001 3695 domos
1024 3625 1195 3712 ³singulas
1217 3631 1391 3697 reddendo

440 3728 609 3794 Romanae
636 3727 807 3814 ecclesiae)
837 3736 1058 3794 tractaturus.
1110 3729 1392 3813 Supervenerunt

438 3834 554 3892 autem
580 3828 659 3892 huic
682 3827 854 3910 colloquio
880 3829 992 3892 nuntii
1014 3828 1150 3892 comitis
1179 3827 1322 3893 Ricardi
1348 3832 1390 3895 de

438 3924 590 4007 Strogoil
620 3927 814 3990 marescalli
847 3925 998 4009 Angliae,
1024 3927 1204 3992 offerentes
1237 3929 1311 4010 regi
1344 3949 1388 3993 ex

472 4199 479 4227 ¹
493 4195 660 4261 ‘Gebcvyci3‘
670 4201 730 4250 God.
739 4202 817 4262 Regu
830 4201 896 4251 ‘Ge-
959 4199 969 4228 ²
979 4202 988 4230 ‘
994 4203 1019 4250 N
1021 4216 1154 4251 ermannus
1165 4202 1317 4265 investigare
1323 4200 1338 4263 ;‘
1348 4205 1387 4254 M.

436 4270 527 4320 bewici
538 4265 553 4331 ;’
571 4267 728 4324 Μῶν.
763 4270 885 4332 Ipswich.
959 4268 985 4300 ⁸‘
996 4267 1128 4334 singulus
1144 4272 1249 4320 omitted
1260 4273 1286 4322 in
1297 4273 1337 4322 M.
