3180 5026
595 500 773 550 nsnnnns.
1118 486 1158 552 11

206 663 392 734 nestatem,
410 656 455 720 ad
473 655 670 739 hujusmodi
686 663 804 722 reatus
820 657 1025 722 abolendam
1042 677 1159 724 macu-

204 757 289 832 lam,
304 756 448 820 totidem
463 757 671 822 monasteria
689 756 845 839 pluribus
863 757 985 822 dotata
1011 751 1160 840 ¹prnrdiis

205 855 252 918 ad
269 854 338 918 Dei
355 855 520 918 honorem
536 855 706 933 fundavit,
723 855 891 938 religiosis
908 857 945 921 in
956 856 1077 920 iisdem
1089 857 1161 921 col·

204 955 307 1036 legiis
328 955 511 1022 institutis.
568 955 730 1036 Rogerus
756 963 872 1021 autem
897 955 1160 1020 Surisberiensis

207 1034 251 1118 de
278 1052 446 1120 fidelitate
468 1053 679 1136 imperatrici
701 1054 882 1129 servanda,
906 1056 1045 1121 virente
1070 1055 1160 1138 ejus·

206 1152 285 1214 dem
299 1159 410 1234 patre,
428 1172 496 1216 non
512 1153 623 1216 solnm
643 1153 774 1234 primus
790 1153 936 1237 juravit,
956 1154 1016 1218 scd
1038 1153 1161 1219 ceteris

207 1251 367 1316 omnibus
403 1251 558 1332 praelatis
596 1259 632 1316 ct
669 1253 869 1334 proceribus
905 1253 1078 1329 distincte,
1115 1253 1162 1316 ad

207 1356 332 1414 nutum
345 1351 492 1432 regium,
503 1351 669 1432 imposuit
678 1358 716 1416 et
726 1350 907 1434 proposuit
914 1351 1159 1433 juramentum.

210 1448 294 1530 Ipse
322 1456 437 1512 tamen
461 1456 595 1532 postea,
612 1455 659 1536 ¹ut
680 1448 895 1532 Stephanum
921 1449 1040 1515 eodem
1063 1449 1161 1533 jura·

209 1553 328 1611 mento
343 1547 547 1616 adstrictum
561 1549 628 1613 sibi
644 1548 810 1626 alliceret,
827 1547 1015 1633 perjurium
1030 1557 1162 1614 nonest

208 1644 340 1712 veritus
355 1647 542 1724 incurrere,
559 1647 620 1714 sed
638 1647 715 1714 aliis
730 1646 907 1732 pejerandi
922 1647 1057 1730 insigne
1072 1667 1161 1730 prae·

208 1745 340 1810 struxit
365 1747 574 1828 exemplum.
641 1746 685 1810 In
717 1766 816 1830 quem
846 1747 921 1830 ipse
951 1747 1161 1830 Stephanus,

209 1844 304 1909 ultor
323 1845 501 1910 ordinatus
522 1844 701 1922 divinitus,
722 1853 889 1929 tanquam
911 1846 1030 1928 exigui
1051 1847 1161 1910 homi·
1266 1893 1271 1903 .

207 1963 287 2008 nem
311 1945 475 2009 momenti
501 1945 613 2027 primo
638 1945 803 2011 carcerali
837 1938 1028 2023 ²custodiee,
1066 1951 1163 2028 post.

207 2042 350 2108 modum
365 2043 471 2108 etiam
489 2043 556 2108 cibi
571 2043 702 2127 inopia,
715 2044 901 2128 nepotique
918 2043 994 2127 ejus
1008 2043 1162 2111 Alexan-

210 2141 286 2218 dro,
308 2141 369 2224 qui
388 2149 472 2206 tunc
491 2142 607 2225 regius
638 2143 863 2210 cancellarius
883 2151 970 2221 erat,
990 2144 1161 2208 intentato

207 2240 379 2323 supplicio
392 2241 442 2304 sic
457 2241 641 2319 coartavit,
657 2250 697 2305 ut
713 2243 787 2323 regi
802 2242 871 2306 duo
886 2242 978 2306 dicta
995 2241 1163 2325 praeclara

208 2346 338 2416 castra,
352 2340 390 2406 in
407 2340 532 2422 quibus
550 2347 649 2404 erant
666 2340 818 2406 thesauri
838 2340 914 2424 ejus
927 2342 1082 2423 repositi,
1099 2334 1162 2403 heo

208 2439 377 2520 signaret.
429 2438 590 2522 Denique
613 2439 821 2521 grandevus
843 2440 1025 2521 episcopus
1045 2439 1080 2504 vi
1100 2439 1163 2503 do-

211 2538 309 2614 loris,
335 2544 375 2602 ut
396 2537 516 2616 fertur,
535 2539 732 2620 absorptus,
753 2539 859 2604 vitam
880 2537 986 2620 longo
1009 2545 1164 2620 tempore

211 2636 522 2720 splendidissimam
544 2638 611 2702 fine
632 2637 760 2704 infelici
780 2636 960 2701 conclusit.
1011 2635 1164 2702 Alexan·

212 2734 275 2799 der
306 2755 389 2800 vero
417 2735 668 2802 Lincolniensis
699 2735 907 2801 munitiones
936 2754 1031 2816 suas,
1061 2736 1164 2802 modo

211 2854 281 2898 non
298 2833 467 2911 dissimili,
487 2837 681 2916 resignans
704 2853 796 2916 aegre
818 2834 998 2899 relaxatus
1015 2842 1091 2914 est3
1123 2844 1163 2902 ut

211 2933 324 3003 discat
339 2932 456 2999 divina
462 2933 598 3018 judicia
616 2934 784 3012 venerari,
795 2941 831 2998 et
844 2934 983 2997 saniora
995 2934 1038 2999 de
1049 2942 1164 2999 cetero

210 3032 409 3096 meditetur.
461 3030 558 3097 Obiit
573 3032 596 3100 J
599 3051 727 3096 oannes
743 3032 786 3098 de
807 3033 1049 3115 Temporibus,
1071 3053 1163 3098 com-

211 3131 328 3214 pletis,
344 3138 383 3195 ut
396 3131 517 3208 fertur,
535 3132 651 3196 aetatis
669 3150 741 3196 snae
760 3133 860 3208 annis
880 3132 1043 3196 trecentis
1063 3151 1165 3196 sexa·

212 3231 312 3312 ginta
324 3237 359 3293 et
377 3249 458 3308 uno,
475 3232 585 3318 quiet
604 3230 721 3295 Caroli
734 3231 852 3314 magni
873 3230 999 3296 dicitur
1022 3230 1165 3296 scutifer

211 3329 399 3393 exstitisse.

231 3533 358 3570 l).li..l.0.
456 3532 479 3568 P.
492 3533 654 3568 ROMANORUM
668 3533 693 3569 R·
795 3532 948 3568 FBANOORUM
994 3532 1132 3567 nantoade

256 3619 335 3656 mcxl..
391 3618 582 3656 lunooan'run.
607 3619 720 3658 connum
731 3619 761 3656 11.
785 3617 959 3657 nonovlclvu.
1002 3616 1125 3652 STEPHANI

264 3816 452 3880 Marlnms
468 3817 685 3898 imperatrix,
701 3815 773 3880 filia
786 3815 878 3896 regis
893 3813 1039 3878 Henrici
1051 3814 1165 3897 primi,
1178 3842 1268 3882 urina

212 3935 293 3979 cum
320 3933 486 3995 germano
516 3934 580 3978 suo
612 3915 766 3981 Roberto
795 3912 1001 3977 Glocestriee
1030 3912 1163 3988 comite,
1177 3897 1282 3992 ffiffin‘i.

211 4015 305 4078 circa
328 4013 454 4076 festum
477 4013 597 4077 Sancti
618 4012 813 4088 Michaelis,
835 4012 983 4076 venitin
1001 4009 1165 4094 Angliam

250 4191 441 4256 ¹‘Pfoessidfi83’
457 4197 497 4245 M·
738 4193 965 4256 ³‘resignaverit3'
977 4193 1011 4244 A.
1039 4192 1168 4255 ‘resigne-

249 4263 260 4293 ¹
272 4264 407 4326 ‘curwdia
418 4259 434 4325 ;‘
452 4265 492 4314 Μ.
703 4263 740 4314 vit
749 4259 765 4324 ;’
785 4263 843 4313 MS.
854 4263 919 4326 Bag.
931 4267 957 4314 et
966 4261 1014 4312 Ar.
