3170 5020
447 482 512 546 402
805 494 879 542 nro.
903 494 1051 542 rarvnrr

285 667 403 757 stiffi
449 654 558 736 gratis
577 654 706 718 omissa
725 659 810 716 erat
802 649 831 737 ,)
845 671 907 734 per
922 669 1006 716 suos
1023 649 1168 714 obsedit.
1222 647 1305 732 Ipse
1320 664 1406 710 vero

285 768 403 858 fflrem·
450 771 520 818 non
546 753 649 836 longe
671 771 694 816 a
713 750 791 817 loco
816 751 937 816 eodem
962 750 1056 834 apud
1084 747 1305 814 Dunfennlin
1333 745 1407 810 hie-

451 845 582 916 navit}

468 1071 494 1108 Ι).
507 1072 533 1108 tl.
544 1071 565 1108 J,
575 1071 599 1108 0.
697 1071 721 1108 Ρ.
733 1071 897 1108 luminosum
914 1071 940 1108 it.
1049 1067 1202 1106 lundonii!
1244 1067 1384 1104 sustolli!

573 1178 581 1194 .
634 1157 767 1194 scaenicas
780 1157 817 1194 n.
864 1156 1003 1194 armarii.
1049 1157 1208 1195 rerurrrrv.
1241 1154 1389 1192 aowaanrr.

713 1218 736 1263 1.
920 1218 944 1263 6.
1107 1217 1149 1262 19.
1291 1215 1330 1260 32.

289 1363 384 1463 {ms
501 1347 606 1420 'Rex
624 1352 776 1435 Angliae,
793 1360 971 1418 transacta
994 1353 1107 1418 hieme
1122 1352 1168 1416 cd
1189 1351 1403 1416 obsidionem

289 1464 361 1504 wtle·
452 1453 558 1518 castri
570 1452 614 1517 de
628 1451 802 1528 strivelin,
818 1452 1048 1534 personaliter
1063 1450 1243 1529 accedens,
1254 1449 1403 1516 diversis

489 1675 496 1706 ¹
514 1671 765 1734 HereWalsingham
774 1671 913 1734 hasalong
938 1676 992 1720 tum
1003 1672 1030 1720 in
1040 1671 1103 1720 ville
1112 1671 1139 1722 S.
1148 1671 1259 1720 Andreae
1270 1672 1338 1722 circe
1347 1688 1403 1722 me·

452 1742 630 1804 interpolation
668 1743 813 1803 respecting
846 1756 913 1803 pope
938 1741 1009 1790 dium
1022 1741 1234 1802 Quadregecimae
1248 1744 1405 1796 convocarit.

453 1812 585 1874 Boniiace,
606 1812 633 1859 in
654 1811 739 1860 which
761 1810 793 1860 he
818 1815 914 1860 reverte
939 1811 982 1860 Ad
993 1810 1077 1859 locum
1087 1825 1147 1859 vero
1159 1815 1186 1859 et
1196 1811 1264 1860 diem
1278 1816 1403 1862 statutum

453 1884 480 1928 to
504 1881 548 1930 the
571 1880 711 1941 pretended
737 1878 866 1941 prophecy
888 1880 918 1929 oi
939 1884 1109 1929 convenerunt
1133 1894 1230 1941 omnes,
1251 1880 1297 1941 qui
1317 1884 1402 1930 vocati

454 1949 492 1999 St.
511 1950 589 1998 Peter
605 1947 744 2010 Gelestine,
761 1948 867 1998 alluded
887 1954 914 1999 to
939 1949 1048 2011 fuerent,
1073 1949 1187 2010 exceptis
1213 1949 1313 1999 Simone
1343 1951 1404 2000 Fri.

454 2019 543 2068 abore.
578 2019 615 2066 At
629 2018 680 2067 this
698 2019 771 2079 place
789 2019 843 2068 also
854 2019 914 2068 Cod.
940 2019 978 2068 sel
998 2022 1025 2068 et
1041 2018 1169 2068 Willelrno
1187 2019 1302 2079 Waleys,
1317 2023 1343 2067 et
1362 2019 1406 2070 his

455 2088 520 2149 Reg.
537 2087 602 2136 adds
620 2088 663 2136 the
680 2087 811 2149 following
828 2092 855 2136 to
871 2087 914 2136 the
940 2088 984 2148 qui
1011 2091 1099 2138 contra
1123 2102 1208 2149 regem
1233 2093 1343 2137 castrum
1369 2089 1403 2138 de

349 2179 352 2184 ·
454 2157 915 2219 eventsoithisyeerz‘liexhngliae‚
941 2157 1059 2206 Strivelin
1072 2161 1225 2217 tenuerunt;
1241 2172 1346 2218 quorum
1358 2173 1406 2219 po-

454 2227 515 2275 dum
525 2226 702 2288 perlustrando
711 2229 803 2276 terram
814 2226 916 2288 Scotioe,
941 2229 1008 2276 tente
1029 2240 1090 2286 rege
1107 2225 1235 2288 J‘udicium
1261 2226 1402 2276 secundum

454 2296 529 2344 villas
542 2300 569 2345 et
579 2295 687 2358 [castra]
703 2295 816 2356 capiens,
828 2309 916 2356 perve-
937 2295 1005 2356 juris
1015 2309 1162 2356 processum
1173 2299 1199 2344 et
1208 2295 1279 2356 leges
1289 2295 1403 2346 Scotica-

454 2366 492 2413 nit
505 2365 538 2413 ed
553 2369 634 2414 terras
650 2365 758 2413 Joannis
769 2365 866 2425 Comyn
882 2365 916 2413 de
941 2379 997 2424 nes,
1007 2378 1093 2413 omnes
1106 2366 1151 2425 qui
1167 2370 1334 2413 convenerant
1343 2379 1403 2415 cou-

456 2435 589 2494 Ecdeme,
610 2434 804 2495 percipiensque
829 2433 917 2484 Scotoe
942 2433 1013 2482 cordi
1030 2434 1154 2484 sententia
1173 2435 1340 2495 pronuncient
1358 2449 1405 2486 ex·

455 2504 505 2552 sibi
522 2517 571 2552 non
588 2517 663 2565 posse
680 2504 807 2563 resistere,
822 2517 916 2552 morum
941 2502 1048 2564 legatos.
1101 2503 1245 2565 Requisirit
1265 2503 1292 2551 in
1313 2503 1404 2554 eodem

456 2587 528 2622 suam
547 2587 593 2633 pro
602 2577 715 2634 tempore
732 2572 835 2620 hiemali
850 2572 917 2620 ordi-
942 2571 1108 2632 parliamento
1143 2587 1189 2621 rex
1220 2586 1236 2621 a
1266 2575 1404 2635 majoribus

456 2641 919 2703 navitinabbatiadeDounfermelyn,
942 2645 1064 2702 qnantum
1086 2642 1195 2703 quisque
1215 2655 1302 2690 eorum
1323 2644 1406 2694 solide

457 2711 502 2760 ubi
514 2715 539 2760 et
549 2711 641 2760 festum
652 2710 754 2760 Natalis
766 2710 870 2759 Domini
880 2715 917 2759 te-
943 2723 988 2770 pro
995 2724 1042 2758 suc
1051 2710 1223 2772 redemptione
1232 2711 1330 2760 solvere
1336 2714 1405 2764 vole-

458 2781 523 2828 nuit.
549 2779 724 2830 Filiueeutem
735 2779 918 2841 registwar·
943 2780 1003 2840 bat;
1020 2780 1065 2840 qui
1073 2794 1159 2828 omnes
1169 2779 1329 2842 unanimiter,
1337 2782 1405 2831 sicut

459 2849 509 2898 dus
521 2851 548 2897 in
562 2849 624 2898 ville
639 2851 666 2898 S.
677 2850 784 2898 Jocnnis
800 2849 832 2897 de
848 2849 918 2909 Pert,
943 2848 1025 2909 prius,
1043 2849 1214 2898 submiserunt
1227 2864 1255 2900 se
1267 2851 1345 2912 regiae
1361 2867 1405 2901 vo·

458 2933 515 2966 cum
534 2932 627 2979 magna
644 2918 809 2979 Anglicorum
827 2924 854 2967 et
870 2919 919 2966 Hi·
944 2918 1051 2966 luntati:
1067 2932 1209 2979 superque
1226 2919 1343 2980 placatus
1356 2935 1404 2971 rex

434 2986 613 3035 'hemicorum
624 2986 795 3048 multitudine,
806 2988 918 3036 moraba-
944 2986 1008 3034 nihil
1030 2988 1063 3036 ab
1080 2988 1118 3036 eis
1138 2989 1239 3050 exigere
1257 2988 1339 3037 voluit
1355 2990 1407 3040 ista

455 3055 516 3104 tur!
944 3055 1164 3106 rice-Decessit
1173 3057 1220 3106 hoc
1234 3071 1300 3106 anno
1311 3059 1409 3108 Robor-

492 3120 590 3176 ¹Here
609 3125 669 3174 Ccd.
685 3124 751 3174 Mer.
768 3125 858 3185 begins
875 3124 918 3174 the
944 3129 987 3174 tus
1001 3125 1034 3173 de
1051 3125 1119 3175 Brus
1132 3127 1225 3188 senior,
1235 3127 1309 3188 cujus
1323 3128 1405 3178 lilium

456 3208 519 3256 year
536 3197 600 3243 1804
622 3194 685 3243 with
704 3193 746 3242 the
769 3193 917 3256 following:
945 3193 1083 3243 Robertum
1097 3195 1131 3243 ad
1141 3195 1306 3245 hereditatem
1321 3201 1407 3257 pater-

457 3261 610 3325 ‘Coepithoc
621 3263 918 3325 annosoannescmyn,
943 3277 1002 3311 nam
1018 3264 1150 3313 tenendam
1166 3279 1199 3313 ex
1217 3265 1315 3327 integro
1332 3265 1403 3331 [rex]

457 3335 606 3395 capitaneus
623 3333 726 3393 Scotiae,
736 3346 795 3382 cum
812 3346 918 3394 perpen-
943 3332 1055 3395 edmisit,
1065 3337 1091 3382 et
1100 3334 1177 3384 etiam
1190 3333 1312 3395 adquam
1323 3335 1407 3386 Vallis

457 3403 529 3451 deret
541 3417 569 3451 se
583 3417 633 3452 non
650 3416 725 3463 posse
743 3402 798 3462 regi
815 3402 917 3462 Angliae
942 3401 1070 3451 Anaudiae
1081 3407 1107 3452 et
1116 3407 1227 3452 cestnm
1235 3403 1267 3451 de
1279 3403 1407 3454 [muman-

456 3472 583 3533 resistere,
601 3486 646 3533 pro
666 3485 694 3520 se
711 3474 737 3519 et
755 3471 814 3519 aliis
829 3485 918 3531 pacem
944 3471 993 3519 ban
1005 3472 1031 3519 in
1049 3471 1135 3521 Scotia
1148 3471 1315 3533 pertinebant,
1350 3474 1405 3524 Hic

457 3555 585 3602 quaerere;
608 3554 684 3601 quarn
701 3554 734 3588 ex
753 3539 835 3600 gratia
850 3540 918 3602 regie
943 3543 1026 3588 tamen
1043 3544 1140 3603 postea,
1156 3545 1186 3588 ut
1201 3541 1309 3604 dicetur,
1324 3558 1340 3591 a
1354 3544 1406 3593 tide

457 3611 566 3659 obtinuit
585 3610 633 3658 sub
650 3608 698 3658 hac
715 3607 810 3658 forma:
827 3607 918 3661 videli·
943 3609 1011 3670 regis
1022 3608 1124 3671 Angliae
1141 3610 1301 3660 abalienatus
1311 3612 1405 3662 Scotiae

457 3686 505 3739 cet,
514 3679 582 3740 quod
593 3679 648 3739 ipse
658 3677 800 3738 reliquique
811 3679 919 3739 majores
943 3692 1049 3739 regnum
1066 3679 1167 3728 invasit.
1203 3679 1268 3728 Post
1282 3680 1406 3730 festivita-

457 3749 549 3798 Scotiae
560 3749 614 3809 regi
624 3747 725 3809 Angliae
737 3762 764 3796 se
775 3747 917 3808 redderent,
943 3750 993 3795 tem
1016 3747 1167 3797 Paschalem
1187 3752 1349 3812 transactam,
1371 3751 1407 3799 ad

455 3817 509 3870 vita
520 3818 569 3866 sibi
584 3821 610 3865 et
619 3816 738 3865 membris
752 3829 782 3864 ec
793 3814 919 3864 heredita·
943 3815 1108 3865 obsidendum
1120 3821 1231 3866 castrum
1242 3818 1274 3866 dc
1286 3819 1406 3868 Strivelin

456 3887 525 3936 tibus
534 3886 627 3946 salvie;
644 3885 769 3936 solverent
775 3889 858 3933 tamen
868 3886 918 3933 sin·
943 3887 1067 3946 processit
1078 3900 1124 3935 rex
1138 3901 1196 3935 cum
1215 3901 1308 3949 magna
1321 3894 1408 3950 potes-

456 3957 520 4018 guli,
530 3970 576 4017 pro
587 3955 628 4004 sui
638 3953 819 4016 redemptione,
829 3968 918 4003 secun-
942 3959 994 4003 tate
1004 3959 1056 4004 tam
1072 3955 1237 4016 Anglicorum
1252 3971 1328 4016 quam
1343 3957 1407 4007 Sco-

456 4025 516 4073 dum
524 4025 677 4074 taxationem
686 4025 764 4086 regite
771 4023 917 4073 voluntatis.
942 4027 1024 4072 torum
1033 4025 1192 4086 3jurumeuto
1203 4029 1366 4087 protestatus,
1378 4041 1406 4077 se

455 4094 509 4144 Isto
520 4095 594 4144 modo
604 4093 712 4155 receptis
729 4093 762 4141 ed
778 4106 867 4153 pacem
878 4107 917 4141 re-
941 4107 1071 4154 nunquam
1086 4094 1119 4141 eb
1129 4093 1260 4143 obsidione
1276 4095 1406 4145 discessu-

456 4164 495 4225 gis
506 4165 605 4213 Joanne
617 4162 714 4222 Comyn
730 4176 789 4210 cum
801 4162 917 4210 omnibus
942 4177 1008 4223 rum,
1021 4162 1102 4211 donec
1119 4163 1169 4212 sibi
1186 4168 1296 4212 casuum
1313 4164 1405 4214 redde·

454 4234 500 4295 qui
517 4233 566 4280 sibi
583 4231 752 4291 adhaeserunt,
767 4230 917 4292 parliamen·
942 4237 1025 4292 retur;
1043 4236 1069 4280 et
1080 4231 1124 4293 qui
1135 4233 1200 4281 illud
1211 4234 1337 4296 tenebant,
1348 4235 1404 4284 sine
