3252 5026
455 445 521 510 238
815 461 890 508 uro.
914 461 1062 508 rnrvnrr

456 640 570 686 comes
611 619 813 696 Lincolniae,
853 619 1145 684 Saresberiensem
1180 638 1257 682 cum
1292 619 1411 683 eadem

456 722 630 803 accipiens
662 721 874 784 comitatum.
927 719 970 781 ln
997 719 1109 783 Dacia
1139 718 1314 783 Henricus
1340 720 1411 783 Da·

457 841 575 884 corum
600 840 663 883 rex
684 820 834 902 inclytus
859 819 902 882 ab
924 817 1032 883 Abclc
1055 818 1161 882 fratre
1183 839 1246 883 suo
1266 820 1408 903 juniori,

457 927 497 984 ut
524 941 586 1001 pro
613 939 654 983 eo
684 925 857 1001 regnaret,
881 919 1070 983 suffocatur
1095 919 1130 981 in
1151 920 1249 983 mari.
1303 914 1411 984 ¹Obiit

457 1019 653 1083 Willelmus
679 1018 721 1083 de
745 1018 894 1100 Ralegh,
919 1026 955 1082 et
975 1017 1169 1082 Aimericus
1193 1019 1301 1083 frater
1321 1019 1411 1101 regis

456 1119 603 1182 -Henrici
621 1139 665 1182 cx
680 1127 789 1182 matre
803 1119 842 1182 fit
859 1118 1109 1182 Wintoniensis
1126 1119 1319 1202 episcopus.

295 1237 388 1278 cenem
508 1219 589 1282 Hoc
623 1238 726 1296 anno,
756 1218 867 1300 primo
896 1218 1106 1282 celebratum
1137 1228 1190 1282 est
1221 1218 1409 1283 Londoniis

294 1288 439 1377 {diffir-
457 1319 520 1382 sub
550 1319 716 1400 magistro
746 1317 884 1381 Joanne
916 1318 1078 1401 episcopo
1103 1317 1249 1381 fratrum
1279 1318 1410 1382 Praedi-

294 1389 433 1478 {2³53th
456 1425 612 1482 catorum
645 1417 835 1500 capitulum
869 1418 1040 1498 generale.
1106 1411 1199 1480 ²Hic
1232 1420 1412 1500 magister,

456 1537 533 1580 cum
558 1525 650 1582 esset
676 1519 710 1580 in
738 1517 954 1600 quadruplici
977 1517 1110 1598 lingua,
1134 1517 1293 1582 videlicet
1316 1518 1408 1580 Teu·

456 1618 583 1694 tonica,
619 1616 768 1693 Gallica,
802 1617 940 1692 Italica,
976 1624 1011 1681 et
1045 1616 1172 1681 Latina
1203 1618 1408 1699 praedicator

455 1717 628 1798 egregius
648 1717 693 1806 de
716 1717 830 1798 priore
855 1716 1058 1798 provinciali
1085 1717 1279 1798 Hungariae
1296 1718 1408 1782 sactus

455 1822 508 1879 est
526 1817 708 1898 episcopus
721 1810 974 1896 ³Bosonensis3
998 1815 1057 1880 sed
1077 1835 1098 1878 a
1119 1835 1211 1898 papa
1226 1816 1408 1898 Gregorio,

456 1934 533 1978 cum
562 1916 597 1976 in
631 1915 799 1978 desiderio
827 1915 970 1980 haberet
1000 1923 1170 1979 secretum
1199 1916 1409 1999 contempla-

456 2014 573 2090 tionis
608 2033 853 2096 permagnam
887 2016 1087 2079 instantiam
1123 2016 1311 2080 cessionem
1349 2017 1407 2080 ob-

456 2113 571 2190 tinuit,
589 2115 686 2178 nulla
700 2115 837 2196 penitus
853 2115 917 2179 sibi
932 2116 1128 2196 provisione
1145 2121 1288 2180 retenta.
1319 2114 1406 2179 Cum

456 2222 572 2277 autem
592 2215 629 2277 in
654 2215 857 2296 magistrum
885 2213 1014 2278 ordinis
1036 2214 1166 2278 electus
1193 2221 1296 2291 esset,
1316 2223 1351 2278 et
1369 2224 1409 2278 nt

457 2315 694 2394 praelationem
717 2314 821 2378 talem
842 2313 1027 2396 refugeret,
1052 2315 1283 2396 pontificalem
1304 2315 1409 2379 vellet

457 2413 611 2477 ordinem
630 2415 792 2496 allegare,
816 2422 975 2497 porrecta
993 2415 1096 2478 estin
1116 2415 1326 2479 contrarium
1353 2415 1410 2478 lit-

457 2522 530 2576 tera
545 2515 691 2596 papalis,
705 2513 904 2590 decernens,
919 2513 1011 2596 quod
1029 2533 1106 2576 cum
1122 2515 1301 2578 absolutus
1317 2525 1409 2578 esset

457 2631 479 2675 a
508 2633 592 2676 cura
618 2614 802 2695 pastoralis
831 2614 1018 2695 regiminis
1046 2621 1081 2678 et
1106 2634 1166 2696 per
1193 2633 1408 2696 consequens

456 2714 520 2775 sub
548 2714 742 2777 obedientia
764 2712 894 2777 ordinis
912 2713 1133 2789 constitutus,
1153 2714 1272 2777 debuit
1293 2715 1327 2776 in
1355 2733 1408 2777 re-

456 2811 613 2893 cipiendo
628 2811 775 2876 officinm
791 2813 902 2877 ordini
923 2813 1083 2890 obedire;
1107 2814 1166 2877 sed
1191 2821 1307 2876 tamen
1330 2833 1408 2876 cum

457 2911 491 2973 in
517 2911 634 2975 multis
657 2911 846 2993 privilegiis
864 2913 1057 2993 procuratis
1077 2933 1139 2995 per
1155 2933 1233 2976 eum
1250 2913 1407 2976 dominus

458 3029 549 3091 papa
578 3011 707 3074 scribat
735 3011 778 3086 ei,
811 3031 878 3076 non
907 3017 1042 3075 tantum
1061 3011 1224 3076 ‘Filium'
1253 3019 1292 3076 nt
1317 3013 1405 3077 alios

457 3110 655 3190 magistros,
671 3111 730 3174 sed
752 3119 790 3174 ut
804 3119 935 3175 ceteros
954 3112 1133 3194 episcopos
1146 3111 1406 3176 ‘venerabilem

458 3209 627 3273 Fratrem'
644 3210 808 3293 appellat.
849 3211 1052 3276 Fredericus
1069 3211 1176 3275 filium
1191 3231 1290 3275 suum
1312 3211 1407 3276 Hen-

456 3310 577 3386 ricum,
608 3319 807 3374 accusatum
847 3331 909 3392 per
943 3311 1121 3375 Romanos
1151 3311 1193 3375 de
1224 3311 1407 3376 rebellione

456 3417 577 3472 contra
611 3430 701 3487 eum,
733 3411 861 3474 carceri
895 3412 1126 3493 mancipavit:
1166 3411 1202 3475 in
1230 3432 1299 3494 quo
1330 3420 1409 3494 post

455 3509 559 3573 breve
575 3518 710 3593 tempus
724 3510 878 3574 decessit.

210 3659 213 3664 .
293 3639 396 3678 „mm
508 3609 711 3674 Fredericus
739 3610 898 3693 repulsus
928 3629 949 3674 a
976 3609 1234 3684 Parmensibus‚
1261 3630 1407 3693 quorum

292 3690 434 3778 iliiffillm
455 3709 588 3773 obsedit
621 3710 809 3784 civitatem,
840 3711 875 3773 in
909 3709 1060 3773 Siciliam
1088 3710 1222 3773 rediens
1251 3718 1406 3775 mortuus

291 3790 332 3827 and
341 3800 410 3829 eccer-

291 3839 371 3929 333133
454 3815 508 3872 est
528 3808 664 3872 ibidem.
718 3808 898 3873 Corradus
923 3815 1038 3872 autem
1062 3809 1153 3874 filius
1180 3810 1268 3893 ejus,
1294 3810 1406 3892 adspi-

489 4037 917 4088 ¹‘0bieruntWillclmuedeRa-
978 4038 1056 4090 ²For
1077 4041 1146 4090 John
1169 4041 1198 4089 of
1225 4042 1338 4092 Virenza
1363 4058 1405 4094 see

451 4109 547 4171 legber,
556 4110 740 4158 ctAimericus.
765 4110 853 4158 Frater
861 4111 916 4170 ejus
943 4111 1035 4172 Script.
1048 4112 1111 4161 0rd.
1125 4112 1202 4162 Pred.
1217 4113 1235 4160 i.
1248 4116 1295 4160 150
1307 4119 1396 4176 etseq.

453 4181 581 4227 Henricus
601 4194 634 4227 ex
653 4173 748 4241 mutre,'
766 4184 830 4240 etc.;
848 4175 915 4228 D'A.

452 4254 476 4296 et
487 4250 525 4297 M.
980 4247 991 4278 ³
1004 4252 1011 4277 ‘
1022 4251 1184 4300 Bosoniensis
1191 4247 1207 4311 ;’
1220 4252 1258 4301 M.
1268 4256 1292 4300 et
1302 4252 1350 4301 Ar.
