3180 5026
589 519 769 568 suntuna.
1111 503 1154 568 13

196 682 236 737 ιο
250 675 316 736 sibi
335 693 455 738 socero
478 693 543 739 suo
568 673 723 740 Roberto
748 674 990 740 Gloverniensi
1013 674 1149 752 comite,

195 772 345 855 aliisque
375 781 508 855 partem
541 774 767 856 imperatricis
798 773 1004 850 foventibus,
1040 766 1151 855 ¹regni

199 870 299 953 [nisi]
325 880 501 937 amoveret
521 873 746 951 obsidionem,
768 872 896 937 bellum
919 873 1074 937 cominus
1098 873 1152 937 in·

197 971 359 1036 tentavit.
404 970 485 1049 Quo
501 991 570 1035 non
584 973 738 1049 cedente,
754 972 814 1036 sed
829 973 1018 1056 exercitum
1033 973 1150 1053 potius

197 1070 419 1152 congregatis
436 1071 588 1154 undique
605 1072 713 1154 copiis
729 1078 890 1152 augente,
905 1071 1148 1152 gravissimum

196 1178 394 1232 consertum
408 1177 462 1234 est
477 1170 654 1252 praelium3
680 1171 716 1235 in
738 1189 818 1255 quo,
841 1170 977 1234 devicto
993 1170 1149 1235 exercitu

196 1268 307 1348 regio,
327 1268 408 1332 licet
423 1288 565 1332 numero
580 1270 801 1352 praestantior
817 1276 853 1333 et
869 1275 1040 1352 apparatu
1054 1267 1150 1332 vide-

197 1373 305 1444 retur,
332 1367 406 1449 ipse
429 1386 493 1431 rex
517 1375 640 1481 captus
666 1375 730 1432 est.
783 1366 916 1432 Ceteris
942 1366 1150 1450 profligatis,

197 1465 342 1530 comites
373 1485 452 1531 cum
481 1466 566 1542 suis,
599 1466 774 1531 civitatem
814 1472 959 1530 ovantes
989 1465 1149 1548 ingressi,

198 1565 315 1627 omnia
330 1584 424 1629 more
437 1565 554 1629 hostili
565 1564 752 1648 diripiunt;
775 1584 959 1647 regemque
972 1565 1175 1689 captivum
1162 1588 1240 1678 “nm
1228 1598 1255 1627 ιιι

197 1663 408 1744 imperatrici
439 1663 631 1742 reddentes,
658 1663 811 1728 mulieris
839 1665 992 1728 animum
1019 1639 1193 1746 insigni¹²¹¹
1194 1649 1263 1679 '⁰⁰⁸¹'

198 1762 346 1826 vtctona
355 1762 545 1827 mcrtabant
555 1763 600 1827 ad
613 1763 783 1845 amphora
795 1763 1013 1846 sperandum
1043 1761 1148 1829 Cives

200 1860 384 1938 Londonii,
411 1861 497 1944 regii
516 1881 618 1927 casus
639 1862 841 1927 infelicitate
863 1862 1009 1940 fracti,
999 1881 1148 1944 rmpcra·

199 1961 334 2037 tricem,
366 1979 445 2044 quae
478 1980 596 2042 regem
624 1960 716 2044 apud
750 1960 949 2026 Bristoliam
982 1961 1148 2026 custodiar

200 2061 472 2143 mancipaverat,
481 2060 719 2125 favorabiliter
728 2052 1148 2142 susciperent²undecimo

199 2159 272 2224 kal.
297 2159 397 2235 Maii,
421 2179 500 2242 quae
523 2167 559 2224 et
579 2160 624 2223 ab
646 2159 739 2223 omni
762 2178 861 2242 paene
889 2164 991 2241 gente
1015 2158 1147 2241 Angio-

199 2277 290 2335 rum,
307 2257 487 2323 Cantiunis
505 2259 674 2341 exceptis,
693 2266 746 2323 est
767 2257 908 2323 domina
926 2257 1149 2339 proclamata.

202 2355 270 2420 Sed
286 2357 423 2421 irritata
438 2357 576 2423 fortuna
591 2358 685 2421 fastu
702 2357 860 2434 femineo,
875 2354 1043 2439 pendulos
1061 2357 1152 2438 opti·

201 2463 333 2520 matum
367 2456 512 2533 animos,
542 2464 578 2521 et
603 2457 708 2522 corda
736 2454 862 2520 civium
894 2461 1012 2519 tenero
1041 2455 1153 2520 adhuc

205 2553 330 2619 affectu
355 2553 534 2632 haerentia,
560 2556 737 2639 pervertit,
761 2561 801 2619 ut
827 2555 870 2619 de
893 2553 1012 2618 amicis
1037 2555 1154 2619 subito

205 2660 488 2719 converterentur
511 2655 547 2717 in
572 2654 700 2720 hostes.
752 2653 868 2736 Igitur
891 2653 928 2717 in
949 2652 1005 2717 die
1029 2653 1155 2718 nativi-

204 2753 289 2818 tatis
314 2752 544 2818 Preecursoris
563 2753 714 2831 Domini,
731 2753 873 2818 obsessa
894 2753 993 2830 turri,
1012 2751 1155 2835 fugatur

204 2852 409 2934 imperatrix
421 2852 464 2917 de
476 2852 667 2919 Londonio.
701 2852 839 2916 Turrim
851 2859 966 2916 tamen
976 2850 1155 2916 Galfn’dus

204 2950 247 3015 de
264 2950 480 3033 Magnavilla
494 2959 654 3035 potenter
668 2950 832 3028 defendit,
854 2959 890 3016 et
906 2970 1046 3033 egressu
1061 2950 1154 3017 facto

205 3049 400 3114 Robertum
432 3050 583 3116 civitatis
614 3051 825 3134 episcopum,
856 3051 966 3133 partis
1000 3049 1155 3114 adversae

204 3149 389 3227 fautorem,
409 3149 501 3232 cepit
524 3149 615 3232 apud
654 3144 856 3214 ³manerium
878 3168 979 3214 sunm
1004 3148 1048 3214 de
1071 3149 1155 3219 Ful-

205 3249 298 3313 ham.

258 3347 388 3412 Eadem
412 3355 618 3431 tempestate
646 3347 848 3431 imperatrix
879 3367 958 3413 cum
983 3346 1155 3412 avunculo
1168 3363 1274 3464 nupera

206 3466 270 3512 suo
295 3446 410 3512 David
432 3466 515 3529 rege
537 3447 731 3524 Scotorum,
754 3454 789 3511 et
810 3465 974 3529 germano
996 3465 1060 3510 suo
1084 3417 1227 3514 Ito-effu
1219 3425 1255 3504 nn⁰.

205 3548 304 3611 berto
334 3547 459 3611 comite
490 3545 701 3624 Gloverniae,
733 3553 861 3610 turrem
896 3544 1155 3628 wyntoniensis

206 3647 359 3729 cpiscopr
350 3645 548 3724 obsidens,
567 3652 713 3729 experta
728 3652 782 3708 est
801 3643 921 3727 gloriae
937 3643 1061 3727 prioris
1078 3643 1155 3727 Jac-

206 3753 333 3810 turam.
383 3744 483 3809 idem
498 3764 647 3828 namque
664 3745 858 3827 episcopus,
881 3745 973 3826 regis
988 3742 1156 3826 Stephani

206 3929 284 3977 Anna
294 3928 356 3976 with
374 3942 421 3976 our
438 3927 546 3976 Saviour
560 3927 610 3976 and
630 3927 669 3976 his
729 3922 738 3954 ¹
755 3925 848 3987 ‘regni
864 3930 990 3975 amoveret
1003 3925 1133 3974 obsidione
1142 3919 1156 3983 ς’

207 3995 670 4058 Motherinthe'l'emplcfortheiui-
695 3993 763 4044 D’A.
798 3994 846 4044 Ar.
866 3993 930 4044 udde
953 4000 978 4043 to
997 3996 1046 4044 nisi
1069 3995 1158 4044 ‘cele-

206 4069 303 4117 timent
313 4066 393 4116 nithe
405 4067 485 4129 legal
496 4067 671 4128 Purification,
694 4059 763 4114 rins?

207 4136 595 4197 andconoequendyinhisand
605 4136 671 4184 their
730 4130 867 4195 '‘3’cexto
883 4131 930 4183 Ar.

206 4220 505 4271 personnacnacurreace
515 4206 576 4256 both
586 4205 615 4255 of
628 4205 670 4255 the
730 4201 886 4252 ³‘mansum
913 4216 988 4251 suum
1015 4202 1047 4251 de
1075 4202 1160 4251 Fulle·

207 4279 271 4327 Law
282 4275 505 4337 andtheGospel.
695 4268 859 4336 ιιιιιιξΙΥΑ.
895 4266 1063 4331 ‘3’Phulham
1079 4273 1119 4321 Μ.
