<?xml version="1.0" encoding="UTF-8"?>
<!DOCTYPE html PUBLIC "-//W3C//DTD XHTML 1.0 Transitional//EN"
    "http://www.w3.org/TR/xhtml1/DTD/xhtml1-transitional.dtd">
<html xmlns="http://www.w3.org/1999/xhtml" xml:lang="en" lang="en">
 <head>
  <title>
</title>
<meta http-equiv="Content-Type" content="text/html;charset=utf-8" />
  <meta name='ocr-system' content='tesseract 3.04.00' />
  <meta name='ocr-capabilities' content='ocr_page ocr_carea ocr_par ocr_line ocrx_word'/>
</head>
<body>
  <div class='ocr_page' id='page_1' title='image "./fnicholaitrivet00socigoog/fnicholaitrivet00socigoog_0096.png"; bbox 0 0 3204 5028; ppageno 0'>
   <div class='ocr_carea' id='block_1_1' title="bbox 446 473 1045 540">
    <p class='ocr_par' dir='ltr' id='par_1_1' title="bbox 446 473 1045 540">
     <span class='ocr_line' id='line_1_1' title="bbox 446 473 1045 540; baseline -0.01 0"><span class='ocrx_word' id='word_1_1' title='bbox 446 473 490 540; x_wconf 90' lang='grc'>64</span> <span class='ocrx_word' id='word_1_2' title='bbox 800 490 874 538; x_wconf 80' lang='lat' dir='ltr'>ruo.</span> <span class='ocrx_word' id='word_1_3' title='bbox 898 489 1045 536; x_wconf 82' lang='lat' dir='ltr'>rnrvurr</span> 
     </span>
    </p>
   </div>
   <div class='ocr_carea' id='block_1_2' title="bbox 285 646 1448 3714">
    <p class='ocr_par' dir='ltr' id='par_1_2' title="bbox 285 646 1448 3714">
     <span class='ocr_line' id='line_1_2' title="bbox 446 646 1405 746; baseline 0.001 -34"><span class='ocrx_word' id='word_1_4' title='bbox 446 655 593 730; x_wconf 87' lang='lat' dir='ltr'>scopato</span> <span class='ocrx_word' id='word_1_5' title='bbox 610 646 869 730; x_wconf 84' lang='lat' dir='ltr'>Andagavensi.</span> <span class='ocrx_word' id='word_1_6' title='bbox 924 648 1055 713; x_wconf 83' lang='lat' dir='ltr'><strong>Postea</strong></span> <span class='ocrx_word' id='word_1_7' title='bbox 1071 668 1166 727; x_wconf 82' lang='lat' dir='ltr'>vero,</span> <span class='ocrx_word' id='word_1_8' title='bbox 1180 668 1258 712; x_wconf 91' lang='lat' dir='ltr'>cum</span> <span class='ocrx_word' id='word_1_9' title='bbox 1277 647 1405 746; x_wconf 68' lang='lat' dir='ltr'>Qalsri-</span> 
     </span>
     <span class='ocr_line' id='line_1_3' title="bbox 447 746 1406 822; baseline 0.002 -12"><span class='ocrx_word' id='word_1_10' title='bbox 447 746 512 810; x_wconf 92' lang='lat' dir='ltr'>dus</span> <span class='ocrx_word' id='word_1_11' title='bbox 535 746 744 812; x_wconf 83' lang='lat' dir='ltr'>Porticensis</span> <span class='ocrx_word' id='word_1_12' title='bbox 771 756 807 813; x_wconf 87' lang='lat' dir='ltr'>et</span> <span class='ocrx_word' id='word_1_13' title='bbox 830 748 946 813; x_wconf 87' lang='lat' dir='ltr'>David</span> <span class='ocrx_word' id='word_1_14' title='bbox 970 747 1241 822; x_wconf 78' lang='lat' dir='ltr'>Cenomanensis</span> <span class='ocrx_word' id='word_1_15' title='bbox 1262 751 1406 815; x_wconf 85' lang='lat' dir='ltr'><strong>comites</strong></span> 
     </span>
     <span class='ocr_line' id='line_1_4' title="bbox 446 847 1448 930; baseline 0.003 -21"><span class='ocrx_word' id='word_1_16' title='bbox 446 855 569 911; x_wconf 90' lang='lat' dir='ltr'>contra</span> <span class='ocrx_word' id='word_1_17' title='bbox 593 848 740 911; x_wconf 91' lang='lat' dir='ltr'>eundem</span> <span class='ocrx_word' id='word_1_18' title='bbox 765 867 881 930; x_wconf 83' lang='lat' dir='ltr'>regem</span> <span class='ocrx_word' id='word_1_19' title='bbox 904 847 1121 926; x_wconf 84' lang='lat' dir='ltr'>rebellarent,</span> <span class='ocrx_word' id='word_1_20' title='bbox 1138 849 1259 914; x_wconf 90' lang='lat' dir='ltr'>eodem</span> <span class='ocrx_word' id='word_1_21' title='bbox 1280 851 1405 914; x_wconf 91' lang='lat' dir='ltr'>comite</span> <span class='ocrx_word' id='word_1_22' title='bbox 1445 913 1448 921; x_wconf 77' lang='grc'><strong>,</strong></span> 
     </span>
     <span class='ocr_line' id='line_1_5' title="bbox 447 944 1403 1031; baseline 0.004 -23"><span class='ocrx_word' id='word_1_23' title='bbox 447 944 701 1028; x_wconf 82' lang='lat' dir='ltr'>Andagavense</span> <span class='ocrx_word' id='word_1_24' title='bbox 742 947 940 1031; x_wconf 87' lang='lat' dir='ltr'>adjuvante,</span> <span class='ocrx_word' id='word_1_25' title='bbox 977 948 1112 1012; x_wconf 85' lang='lat' dir='ltr'>obsedit</span> <span class='ocrx_word' id='word_1_26' title='bbox 1149 969 1212 1013; x_wconf 89' lang='lat' dir='ltr'>rex</span> <span class='ocrx_word' id='word_1_27' title='bbox 1253 957 1403 1013; x_wconf 88' lang='lat' dir='ltr'>castrum</span> 
     </span>
     <span class='ocr_line' id='line_1_6' title="bbox 450 1039 1404 1129; baseline 0.004 -20"><span class='ocrx_word' id='word_1_28' title='bbox 450 1039 673 1128; x_wconf 90' lang='lat' dir='ltr'>¹Merit0niae‚</span> <span class='ocrx_word' id='word_1_29' title='bbox 711 1047 804 1129; x_wconf 89' lang='lat' dir='ltr'>quod</span> <span class='ocrx_word' id='word_1_30' title='bbox 837 1055 913 1111; x_wconf 89' lang='lat' dir='ltr'>erat</span> <span class='ocrx_word' id='word_1_31' title='bbox 943 1045 1079 1112; x_wconf 90' lang='lat' dir='ltr'>comitis</span> <span class='ocrx_word' id='word_1_32' title='bbox 1112 1047 1338 1126; x_wconf 76' lang='lat' dir='ltr'>PerticensiS,</span> <span class='ocrx_word' id='word_1_33' title='bbox 1368 1057 1404 1113; x_wconf 90' lang='lat' dir='ltr'>et</span> 
     </span>
     <span class='ocr_line' id='line_1_7' title="bbox 338 1145 1401 1228; baseline 0.005 -21"><span class='ocrx_word' id='word_1_34' title='bbox 338 1194 341 1199; x_wconf 93' lang='lat'>.</span> <span class='ocrx_word' id='word_1_35' title='bbox 446 1146 562 1228; x_wconf 84' lang='lat' dir='ltr'>cepit:</span> <span class='ocrx_word' id='word_1_36' title='bbox 587 1152 622 1210; x_wconf 88' lang='lat' dir='ltr'>et</span> <span class='ocrx_word' id='word_1_37' title='bbox 637 1147 720 1228; x_wconf 87' lang='lat' dir='ltr'>quia</span> <span class='ocrx_word' id='word_1_38' title='bbox 737 1146 852 1211; x_wconf 86' lang='lat' dir='ltr'>David</span> <span class='ocrx_word' id='word_1_39' title='bbox 870 1145 1151 1224; x_wconf 85' lang='lat' dir='ltr'>Cenomanensis,</span> <span class='ocrx_word' id='word_1_40' title='bbox 1173 1159 1339 1213; x_wconf 86' lang='lat' dir='ltr'>evocatus</span> <span class='ocrx_word' id='word_1_41' title='bbox 1357 1149 1401 1212; x_wconf 90' lang='lat' dir='ltr'>ad</span> 
     </span>
     <span class='ocr_line' id='line_1_8' title="bbox 447 1245 1400 1330; baseline 0.003 -22"><span class='ocrx_word' id='word_1_42' title='bbox 447 1263 562 1327; x_wconf 85' lang='lat' dir='ltr'>regem</span> <span class='ocrx_word' id='word_1_43' title='bbox 597 1245 767 1323; x_wconf 86' lang='lat' dir='ltr'>Franciae,</span> <span class='ocrx_word' id='word_1_44' title='bbox 799 1246 918 1310; x_wconf 88' lang='lat' dir='ltr'>venire</span> <span class='ocrx_word' id='word_1_45' title='bbox 956 1248 1176 1330; x_wconf 86' lang='lat' dir='ltr'>contempsit,</span> <span class='ocrx_word' id='word_1_46' title='bbox 1208 1248 1303 1312; x_wconf 90' lang='lat' dir='ltr'>dedit</span> <span class='ocrx_word' id='word_1_47' title='bbox 1338 1268 1400 1312; x_wconf 86' lang='lat' dir='ltr'>rex</span> 
     </span>
     <span class='ocr_line' id='line_1_9' title="bbox 446 1341 1403 1429; baseline 0.006 -23"><span class='ocrx_word' id='word_1_48' title='bbox 446 1344 593 1427; x_wconf 85' lang='lat' dir='ltr'>praefato</span> <span class='ocrx_word' id='word_1_49' title='bbox 616 1346 733 1409; x_wconf 90' lang='lat' dir='ltr'>comiti</span> <span class='ocrx_word' id='word_1_50' title='bbox 747 1346 993 1428; x_wconf 83' lang='lat' dir='ltr'>Andagavensi</span> <span class='ocrx_word' id='word_1_51' title='bbox 1015 1345 1213 1429; x_wconf 84' lang='lat' dir='ltr'>homagium</span> <span class='ocrx_word' id='word_1_52' title='bbox 1227 1347 1333 1424; x_wconf 85' lang='lat' dir='ltr'>illius,</span> <span class='ocrx_word' id='word_1_53' title='bbox 1351 1341 1403 1412; x_wconf 87' lang='lat' dir='ltr'>²et</span> 
     </span>
     <span class='ocr_line' id='line_1_10' title="bbox 447 1444 1403 1529; baseline 0.006 -23"><span class='ocrx_word' id='word_1_54' title='bbox 447 1444 559 1527; x_wconf 83' lang='lat' dir='ltr'>ipsam</span> <span class='ocrx_word' id='word_1_55' title='bbox 575 1445 764 1523; x_wconf 89' lang='lat' dir='ltr'>civitatem,</span> <span class='ocrx_word' id='word_1_56' title='bbox 780 1453 816 1510; x_wconf 91' lang='lat' dir='ltr'>et</span> <span class='ocrx_word' id='word_1_57' title='bbox 832 1446 994 1529; x_wconf 90' lang='lat' dir='ltr'>quicquid</span> <span class='ocrx_word' id='word_1_58' title='bbox 1010 1445 1160 1511; x_wconf 86' lang='lat' dir='ltr'>habebat</span> <span class='ocrx_word' id='word_1_59' title='bbox 1176 1447 1212 1511; x_wconf 89' lang='lat' dir='ltr'>in</span> <span class='ocrx_word' id='word_1_60' title='bbox 1233 1446 1403 1512; x_wconf 83' lang='lat' dir='ltr'>Cenoma·</span> 
     </span>
     <span class='ocr_line' id='line_1_11' title="bbox 449 1545 1403 1628; baseline 0.003 -21"><span class='ocrx_word' id='word_1_61' title='bbox 449 1545 546 1628; x_wconf 82' lang='lat' dir='ltr'>nansi</span> <span class='ocrx_word' id='word_1_62' title='bbox 575 1545 786 1628; x_wconf 88' lang='lat' dir='ltr'>episcopatu.</span> <span class='ocrx_word' id='word_1_63' title='bbox 849 1545 1025 1609; x_wconf 89' lang='lat' dir='ltr'>Henricns</span> <span class='ocrx_word' id='word_1_64' title='bbox 1057 1545 1160 1609; x_wconf 89' lang='lat' dir='ltr'>etiam</span> <span class='ocrx_word' id='word_1_65' title='bbox 1191 1546 1283 1610; x_wconf 91' lang='lat' dir='ltr'>filius</span> <span class='ocrx_word' id='word_1_66' title='bbox 1311 1548 1403 1628; x_wconf 82' lang='lat' dir='ltr'>regis</span> 
     </span>
     <span class='ocr_line' id='line_1_12' title="bbox 448 1641 1402 1728; baseline 0.003 -21"><span class='ocrx_word' id='word_1_67' title='bbox 448 1641 643 1724; x_wconf 83' lang='lat' dir='ltr'>Anglorum</span> <span class='ocrx_word' id='word_1_68' title='bbox 670 1644 753 1708; x_wconf 87' lang='lat' dir='ltr'>fecit</span> <span class='ocrx_word' id='word_1_69' title='bbox 776 1643 974 1726; x_wconf 83' lang='lat' dir='ltr'>homagium</span> <span class='ocrx_word' id='word_1_70' title='bbox 999 1644 1174 1728; x_wconf 90' lang='lat' dir='ltr'>Philippo,</span> <span class='ocrx_word' id='word_1_71' title='bbox 1196 1646 1267 1710; x_wconf 92' lang='lat' dir='ltr'>filio</span> <span class='ocrx_word' id='word_1_72' title='bbox 1292 1646 1402 1711; x_wconf 80' lang='lat' dir='ltr'>Ledo</span> 
     </span>
     <span class='ocr_line' id='line_1_13' title="bbox 447 1742 1403 1828; baseline 0.003 -21"><span class='ocrx_word' id='word_1_73' title='bbox 447 1742 515 1807; x_wconf 90' lang='lat' dir='ltr'>vici</span> <span class='ocrx_word' id='word_1_74' title='bbox 543 1744 635 1824; x_wconf 81' lang='lat' dir='ltr'>regis</span> <span class='ocrx_word' id='word_1_75' title='bbox 659 1743 892 1823; x_wconf 82' lang='lat' dir='ltr'>Francorum3</span> <span class='ocrx_word' id='word_1_76' title='bbox 922 1751 956 1808; x_wconf 94' lang='lat' dir='ltr'>et</span> <span class='ocrx_word' id='word_1_77' title='bbox 984 1744 1163 1810; x_wconf 87' lang='lat' dir='ltr'>Galfridus</span> <span class='ocrx_word' id='word_1_78' title='bbox 1188 1746 1280 1810; x_wconf 90' lang='lat' dir='ltr'>filius</span> <span class='ocrx_word' id='word_1_79' title='bbox 1310 1746 1403 1828; x_wconf 83' lang='lat' dir='ltr'>regis</span> 
     </span>
     <span class='ocr_line' id='line_1_14' title="bbox 447 1840 1402 1926; baseline 0.002 -19"><span class='ocrx_word' id='word_1_80' title='bbox 447 1840 600 1922; x_wconf 83' lang='lat' dir='ltr'>Angliae,</span> <span class='ocrx_word' id='word_1_81' title='bbox 616 1841 761 1926; x_wconf 90' lang='lat' dir='ltr'>jubente</span> <span class='ocrx_word' id='word_1_82' title='bbox 783 1851 894 1926; x_wconf 88' lang='lat' dir='ltr'>patre,</span> <span class='ocrx_word' id='word_1_83' title='bbox 914 1844 995 1909; x_wconf 88' lang='lat' dir='ltr'>fecit</span> <span class='ocrx_word' id='word_1_84' title='bbox 1016 1844 1213 1926; x_wconf 82' lang='lat' dir='ltr'>homagium</span> <span class='ocrx_word' id='word_1_85' title='bbox 1234 1845 1402 1924; x_wconf 90' lang='lat' dir='ltr'>Henrico,</span> 
     </span>
     <span class='ocr_line' id='line_1_15' title="bbox 447 1941 1284 2018; baseline 0.007 -15"><span class='ocrx_word' id='word_1_86' title='bbox 447 1941 548 2004; x_wconf 85' lang='lat' dir='ltr'>fratri</span> <span class='ocrx_word' id='word_1_87' title='bbox 563 1961 639 2018; x_wconf 90' lang='lat' dir='ltr'>sno,</span> <span class='ocrx_word' id='word_1_88' title='bbox 655 1942 697 2006; x_wconf 92' lang='lat' dir='ltr'>de</span> <span class='ocrx_word' id='word_1_89' title='bbox 714 1942 843 2008; x_wconf 88' lang='lat' dir='ltr'>ducatu</span> <span class='ocrx_word' id='word_1_90' title='bbox 859 1944 1063 2008; x_wconf 87' lang='lat' dir='ltr'>Britanniae.</span> <span class='ocrx_word' id='word_1_91' title='bbox 1282 2011 1284 2016; x_wconf 78' lang='grc'>,</span> 
     </span>
     <span class='ocr_line' id='line_1_16' title="bbox 287 2040 1402 2130; baseline 0 -22"><span class='ocrx_word' id='word_1_92' title='bbox 287 2067 427 2120; x_wconf 63' lang='lat' dir='ltr'>anguem,</span> <span class='ocrx_word' id='word_1_93' title='bbox 493 2040 573 2104; x_wconf 88' lang='lat' dir='ltr'>Rex</span> <span class='ocrx_word' id='word_1_94' title='bbox 608 2040 784 2106; x_wconf 87' lang='lat' dir='ltr'>Hearicus</span> <span class='ocrx_word' id='word_1_95' title='bbox 815 2044 852 2107; x_wconf 92' lang='lat' dir='ltr'>iu</span> <span class='ocrx_word' id='word_1_96' title='bbox 867 2043 1089 2130; x_wconf 20' lang='lat' dir='ltr'>*Vasconiam</span> <span class='ocrx_word' id='word_1_97' title='bbox 1119 2043 1317 2127; x_wconf 67' lang='lat' dir='ltr'>profectus¹</span> <span class='ocrx_word' id='word_1_98' title='bbox 1342 2045 1402 2108; x_wconf 89' lang='lat' dir='ltr'>de-</span> 
     </span>
     <span class='ocr_line' id='line_1_17' title="bbox 285 2131 1402 2224; baseline 0.005 -22"><span class='ocrx_word' id='word_1_99' title='bbox 285 2131 388 2220; x_wconf 58' lang='grc' dir='ltr'>ἕέὦῖῗ</span> <span class='ocrx_word' id='word_1_100' title='bbox 448 2141 589 2205; x_wconf 90' lang='lat' dir='ltr'>structis</span> <span class='ocrx_word' id='word_1_101' title='bbox 606 2141 731 2204; x_wconf 90' lang='lat' dir='ltr'>multis&#39;</span> <span class='ocrx_word' id='word_1_102' title='bbox 746 2142 910 2220; x_wconf 78' lang='lat' dir='ltr'>castellis„</span> <span class='ocrx_word' id='word_1_103' title='bbox 928 2162 1007 2224; x_wconf 89' lang='lat' dir='ltr'>quae</span> <span class='ocrx_word' id='word_1_104' title='bbox 1028 2150 1149 2208; x_wconf 87' lang='lat' dir='ltr'>contra</span> <span class='ocrx_word' id='word_1_105' title='bbox 1168 2163 1245 2208; x_wconf 91' lang='lat' dir='ltr'>eum</span> <span class='ocrx_word' id='word_1_106' title='bbox 1267 2145 1402 2208; x_wconf 86' lang='lat' dir='ltr'>munita</span> 
     </span>
     <span class='ocr_line' id='line_1_18' title="bbox 449 2233 1402 2324; baseline 0.005 -21"><span class='ocrx_word' id='word_1_107' title='bbox 449 2247 559 2319; x_wconf 88' lang='lat' dir='ltr'>erant,</span> <span class='ocrx_word' id='word_1_108' title='bbox 584 2233 744 2305; x_wconf 66' lang='lat' dir='ltr'>,³comites</span> <span class='ocrx_word' id='word_1_109' title='bbox 768 2241 1083 2324; x_wconf 88' lang='lat' dir='ltr'>Eugolismensium</span> <span class='ocrx_word' id='word_1_110' title='bbox 1106 2250 1141 2307; x_wconf 88' lang='lat' dir='ltr'>et</span> <span class='ocrx_word' id='word_1_111' title='bbox 1164 2245 1207 2308; x_wconf 91' lang='lat' dir='ltr'>de</span> <span class='ocrx_word' id='word_1_112' title='bbox 1230 2244 1402 2320; x_wconf 88' lang='lat' dir='ltr'>Marchia,</span> 
     </span>
     <span class='ocr_line' id='line_1_19' title="bbox 447 2339 1401 2424; baseline 0.005 -21"><span class='ocrx_word' id='word_1_113' title='bbox 447 2339 643 2423; x_wconf 87' lang='lat' dir='ltr'>multosque</span> <span class='ocrx_word' id='word_1_114' title='bbox 669 2341 768 2418; x_wconf 89' lang='lat' dir='ltr'>alios,</span> <span class='ocrx_word' id='word_1_115' title='bbox 792 2342 836 2404; x_wconf 89' lang='lat' dir='ltr'>ad</span> <span class='ocrx_word' id='word_1_116' title='bbox 858 2361 978 2424; x_wconf 86' lang='lat' dir='ltr'>pacem</span> <span class='ocrx_word' id='word_1_117' title='bbox 1000 2343 1119 2407; x_wconf 86' lang='lat' dir='ltr'>venire</span> <span class='ocrx_word' id='word_1_118' title='bbox 1141 2343 1266 2424; x_wconf 82' lang='lat' dir='ltr'>coegit.</span> <span class='ocrx_word' id='word_1_119' title='bbox 1319 2343 1401 2408; x_wconf 86' lang='lat' dir='ltr'>Gal-</span> 
     </span>
     <span class='ocr_line' id='line_1_20' title="bbox 448 2439 1402 2523; baseline 0.005 -22"><span class='ocrx_word' id='word_1_120' title='bbox 448 2439 557 2502; x_wconf 86' lang='lat' dir='ltr'>fridus</span> <span class='ocrx_word' id='word_1_121' title='bbox 579 2440 669 2503; x_wconf 88' lang='lat' dir='ltr'>filius</span> <span class='ocrx_word' id='word_1_122' title='bbox 691 2441 782 2522; x_wconf 87' lang='lat' dir='ltr'>regis</span> <span class='ocrx_word' id='word_1_123' title='bbox 799 2439 938 2523; x_wconf 83' lang='lat' dir='ltr'>Angliae</span> <span class='ocrx_word' id='word_1_124' title='bbox 959 2441 996 2504; x_wconf 90' lang='lat' dir='ltr'>in</span> <span class='ocrx_word' id='word_1_125' title='bbox 1014 2442 1231 2507; x_wconf 83' lang='lat' dir='ltr'>Britanniam</span> <span class='ocrx_word' id='word_1_126' title='bbox 1247 2443 1402 2521; x_wconf 90' lang='lat' dir='ltr'>veniens,</span> 
     </span>
     <span class='ocr_line' id='line_1_21' title="bbox 448 2538 1401 2624; baseline 0.005 -22"><span class='ocrx_word' id='word_1_127' title='bbox 448 2538 605 2603; x_wconf 89' lang='lat' dir='ltr'>Redonis</span> <span class='ocrx_word' id='word_1_128' title='bbox 626 2539 812 2605; x_wconf 91' lang='lat' dir='ltr'>honorifice</span> <span class='ocrx_word' id='word_1_129' title='bbox 834 2553 1028 2623; x_wconf 88' lang='lat' dir='ltr'>susceptus,</span> <span class='ocrx_word' id='word_1_130' title='bbox 1045 2542 1175 2624; x_wconf 89' lang='lat' dir='ltr'>recepit</span> <span class='ocrx_word' id='word_1_131' title='bbox 1194 2542 1320 2605; x_wconf 92' lang='lat' dir='ltr'>ibidem</span> <span class='ocrx_word' id='word_1_132' title='bbox 1342 2543 1401 2607; x_wconf 77' lang='lat' dir='ltr'>ho</span> 
     </span>
     <span class='ocr_line' id='line_1_22' title="bbox 446 2635 1401 2720; baseline 0.005 -20"><span class='ocrx_word' id='word_1_133' title='bbox 446 2639 563 2720; x_wconf 85' lang='lat' dir='ltr'>magia</span> <span class='ocrx_word' id='word_1_134' title='bbox 583 2646 618 2702; x_wconf 90' lang='lat' dir='ltr'>et</span> <span class='ocrx_word' id='word_1_135' title='bbox 640 2635 823 2703; x_wconf 89' lang='lat' dir='ltr'>fidelitates</span> <span class='ocrx_word' id='word_1_136' title='bbox 849 2639 1016 2705; x_wconf 87' lang='lat' dir='ltr'>baronum</span> <span class='ocrx_word' id='word_1_137' title='bbox 1035 2649 1070 2705; x_wconf 93' lang='lat' dir='ltr'>et</span> <span class='ocrx_word' id='word_1_138' title='bbox 1095 2641 1243 2705; x_wconf 91' lang='lat' dir='ltr'>militum</span> <span class='ocrx_word' id='word_1_139' title='bbox 1264 2642 1401 2707; x_wconf 88' lang='lat' dir='ltr'>Britan-</span> 
     </span>
     <span class='ocr_line' id='line_1_23' title="bbox 447 2737 1399 2819; baseline 0.006 -20"><span class='ocrx_word' id='word_1_140' title='bbox 447 2757 581 2800; x_wconf 89' lang='lat' dir='ltr'>norum.</span> <span class='ocrx_word' id='word_1_141' title='bbox 636 2737 716 2802; x_wconf 85' lang='lat' dir='ltr'>Rex</span> <span class='ocrx_word' id='word_1_142' title='bbox 734 2737 910 2803; x_wconf 88' lang='lat' dir='ltr'>Henricus</span> <span class='ocrx_word' id='word_1_143' title='bbox 925 2740 1006 2804; x_wconf 83' lang='lat' dir='ltr'>fecit</span> <span class='ocrx_word' id='word_1_144' title='bbox 1022 2740 1154 2805; x_wconf 87' lang='lat' dir='ltr'>fossata</span> <span class='ocrx_word' id='word_1_145' title='bbox 1173 2740 1246 2805; x_wconf 89' lang='lat' dir='ltr'>alta</span> <span class='ocrx_word' id='word_1_146' title='bbox 1265 2749 1300 2805; x_wconf 90' lang='lat' dir='ltr'>et</span> <span class='ocrx_word' id='word_1_147' title='bbox 1315 2740 1399 2819; x_wconf 83' lang='lat' dir='ltr'>lata,</span> 
     </span>
     <span class='ocr_line' id='line_1_24' title="bbox 446 2836 1400 2923; baseline 0.006 -25"><span class='ocrx_word' id='word_1_148' title='bbox 446 2836 537 2900; x_wconf 88' lang='lat' dir='ltr'>inter</span> <span class='ocrx_word' id='word_1_149' title='bbox 554 2836 736 2901; x_wconf 85' lang='lat' dir='ltr'>Franciam</span> <span class='ocrx_word' id='word_1_150' title='bbox 752 2846 788 2903; x_wconf 90' lang='lat' dir='ltr'>et</span> <span class='ocrx_word' id='word_1_151' title='bbox 808 2838 1071 2918; x_wconf 89' lang='lat' dir='ltr'>Normanniam,</span> <span class='ocrx_word' id='word_1_152' title='bbox 1092 2841 1136 2904; x_wconf 85' lang='lat' dir='ltr'>ad</span> <span class='ocrx_word' id='word_1_153' title='bbox 1151 2840 1331 2923; x_wconf 86' lang='lat' dir='ltr'>praedones</span> <span class='ocrx_word' id='word_1_154' title='bbox 1348 2861 1400 2904; x_wconf 90' lang='lat' dir='ltr'>ar·</span> 
     </span>
     <span class='ocr_line' id='line_1_25' title="bbox 447 2935 1401 3023; baseline 0.005 -24"><span class='ocrx_word' id='word_1_155' title='bbox 447 2936 584 3000; x_wconf 85' lang='lat' dir='ltr'>candos.</span> <span class='ocrx_word' id='word_1_156' title='bbox 613 2935 681 3001; x_wconf 81' lang='lat' dir='ltr'>¹In</span> <span class='ocrx_word' id='word_1_157' title='bbox 702 2956 794 3020; x_wconf 86' lang='lat' dir='ltr'>pago</span> <span class='ocrx_word' id='word_1_158' title='bbox 816 2939 920 3002; x_wconf 89' lang='lat' dir='ltr'>etiam</span> <span class='ocrx_word' id='word_1_159' title='bbox 943 2937 1200 3020; x_wconf 83' lang='lat' dir='ltr'>Andagavensi,</span> <span class='ocrx_word' id='word_1_160' title='bbox 1224 2959 1327 3023; x_wconf 88' lang='lat' dir='ltr'>super</span> <span class='ocrx_word' id='word_1_161' title='bbox 1344 2941 1401 3004; x_wconf 90' lang='lat' dir='ltr'>Li·</span> 
     </span>
     <span class='ocr_line' id='line_1_26' title="bbox 337 3035 1404 3123; baseline 0.007 -27"><span class='ocrx_word' id='word_1_162' title='bbox 337 3079 342 3096; x_wconf 89' lang='lat'>.</span> <span class='ocrx_word' id='word_1_163' title='bbox 446 3035 566 3116; x_wconf 86' lang='lat' dir='ltr'>gerim,</span> <span class='ocrx_word' id='word_1_164' title='bbox 584 3036 627 3100; x_wconf 89' lang='lat' dir='ltr'>ad</span> <span class='ocrx_word' id='word_1_165' title='bbox 645 3037 826 3102; x_wconf 90' lang='lat' dir='ltr'>arcendam</span> <span class='ocrx_word' id='word_1_166' title='bbox 843 3057 981 3120; x_wconf 89' lang='lat' dir='ltr'>aquam,</span> <span class='ocrx_word' id='word_1_167' title='bbox 999 3058 1077 3123; x_wconf 87' lang='lat' dir='ltr'>quae</span> <span class='ocrx_word' id='word_1_168' title='bbox 1092 3058 1221 3103; x_wconf 89' lang='lat' dir='ltr'>messes</span> <span class='ocrx_word' id='word_1_169' title='bbox 1237 3039 1404 3123; x_wconf 89' lang='lat' dir='ltr'>perdebat</span> 
     </span>
     <span class='ocr_line' id='line_1_27' title="bbox 447 3136 1401 3220; baseline 0.006 -23"><span class='ocrx_word' id='word_1_170' title='bbox 447 3141 482 3198; x_wconf 90' lang='lat' dir='ltr'>et</span> <span class='ocrx_word' id='word_1_171' title='bbox 508 3141 622 3218; x_wconf 88' lang='lat' dir='ltr'>prata,</span> <span class='ocrx_word' id='word_1_172' title='bbox 650 3137 731 3201; x_wconf 87' lang='lat' dir='ltr'>fecit</span> <span class='ocrx_word' id='word_1_173' title='bbox 755 3136 915 3220; x_wconf 87' lang='lat' dir='ltr'>quaedam</span> <span class='ocrx_word' id='word_1_174' title='bbox 941 3138 1143 3216; x_wconf 85' lang='lat' dir='ltr'>retinacula,</span> <span class='ocrx_word' id='word_1_175' title='bbox 1169 3158 1247 3220; x_wconf 84' lang='lat' dir='ltr'>quae</span> <span class='ocrx_word' id='word_1_176' title='bbox 1274 3140 1401 3203; x_wconf 84' lang='lat' dir='ltr'>tercias</span> 
     </span>
     <span class='ocr_line' id='line_1_28' title="bbox 447 3237 1401 3319; baseline 0.005 -21"><span class='ocrx_word' id='word_1_177' title='bbox 447 3243 585 3312; x_wconf 87' lang='lat' dir='ltr'>vocant,</span> <span class='ocrx_word' id='word_1_178' title='bbox 610 3256 672 3318; x_wconf 91' lang='lat' dir='ltr'>per</span> <span class='ocrx_word' id='word_1_179' title='bbox 702 3237 847 3319; x_wconf 79' lang='lat' dir='ltr'>triginta</span> <span class='ocrx_word' id='word_1_180' title='bbox 871 3238 1038 3318; x_wconf 81' lang='lat' dir='ltr'>miliaria3</span> <span class='ocrx_word' id='word_1_181' title='bbox 1075 3237 1246 3302; x_wconf 89' lang='lat' dir='ltr'>aedificare</span> <span class='ocrx_word' id='word_1_182' title='bbox 1271 3239 1401 3303; x_wconf 87' lang='lat' dir='ltr'>faciens</span> 
     </span>
     <span class='ocr_line' id='line_1_29' title="bbox 446 3331 1401 3420; baseline 0.005 -23"><span class='ocrx_word' id='word_1_183' title='bbox 446 3336 642 3400; x_wconf 89' lang='lat' dir='ltr'>mansiones</span> <span class='ocrx_word' id='word_1_184' title='bbox 669 3335 857 3414; x_wconf 91' lang='lat' dir='ltr'>hominum,</span> <span class='ocrx_word' id='word_1_185' title='bbox 881 3337 941 3419; x_wconf 91' lang='lat' dir='ltr'>qui</span> <span class='ocrx_word' id='word_1_186' title='bbox 956 3331 1101 3402; x_wconf 72' lang='lat' dir='ltr'>⁴torcias</span> <span class='ocrx_word' id='word_1_187' title='bbox 1126 3345 1295 3416; x_wconf 88' lang='lat' dir='ltr'>tenerent,</span> <span class='ocrx_word' id='word_1_188' title='bbox 1313 3358 1401 3420; x_wconf 91' lang='lat' dir='ltr'>quos</span> 
     </span>
     <span class='ocr_line' id='line_1_30' title="bbox 445 3433 1402 3520; baseline 0.005 -23"><span class='ocrx_word' id='word_1_189' title='bbox 445 3433 526 3498; x_wconf 86' lang='lat' dir='ltr'>fecit</span> <span class='ocrx_word' id='word_1_190' title='bbox 540 3434 666 3499; x_wconf 90' lang='lat' dir='ltr'>liberos</span> <span class='ocrx_word' id='word_1_191' title='bbox 683 3436 725 3502; x_wconf 91' lang='lat' dir='ltr'>de</span> <span class='ocrx_word' id='word_1_192' title='bbox 739 3437 895 3503; x_wconf 88' lang='lat' dir='ltr'>exercitu</span> <span class='ocrx_word' id='word_1_193' title='bbox 915 3445 950 3502; x_wconf 93' lang='lat' dir='ltr'>et</span> <span class='ocrx_word' id='word_1_194' title='bbox 973 3436 1063 3514; x_wconf 89' lang='lat' dir='ltr'>aliis,</span> <span class='ocrx_word' id='word_1_195' title='bbox 1085 3456 1163 3518; x_wconf 88' lang='lat' dir='ltr'>quae</span> <span class='ocrx_word' id='word_1_196' title='bbox 1183 3438 1402 3520; x_wconf 88' lang='lat' dir='ltr'>pertinebant</span> 
     </span>
     <span class='ocr_line' id='line_1_31' title="bbox 367 3524 637 3600; baseline 0.011 -4"><span class='ocrx_word' id='word_1_197' title='bbox 367 3564 369 3568; x_wconf 87' lang='grc'><em>·</em></span> <span class='ocrx_word' id='word_1_198' title='bbox 446 3524 490 3597; x_wconf 83' lang='lat' dir='ltr'>ad</span> <span class='ocrx_word' id='word_1_199' title='bbox 505 3535 637 3600; x_wconf 90' lang='lat' dir='ltr'>fiscum.</span> 
     </span>
     <span class='ocr_line' id='line_1_32' title="bbox 285 3632 1403 3714; baseline 0.003 -16"><span class='ocrx_word' id='word_1_200' title='bbox 285 3649 421 3698; x_wconf 57' lang='lat' dir='ltr'>huruuua</span> <span class='ocrx_word' id='word_1_201' title='bbox 497 3632 632 3711; x_wconf 85' lang='lat' dir='ltr'>Catina,</span> <span class='ocrx_word' id='word_1_202' title='bbox 652 3635 776 3699; x_wconf 85' lang='lat' dir='ltr'>civitas</span> <span class='ocrx_word' id='word_1_203' title='bbox 792 3635 931 3714; x_wconf 87' lang='lat' dir='ltr'>Siciliae,</span> <span class='ocrx_word' id='word_1_204' title='bbox 949 3644 1050 3700; x_wconf 89' lang='lat' dir='ltr'>terrae</span> <span class='ocrx_word' id='word_1_205' title='bbox 1069 3644 1166 3700; x_wconf 90' lang='lat' dir='ltr'>motu</span> <span class='ocrx_word' id='word_1_206' title='bbox 1182 3655 1354 3701; x_wconf 88' lang='lat' dir='ltr'>concussa</span> <span class='ocrx_word' id='word_1_207' title='bbox 1366 3644 1403 3701; x_wconf 90' lang='lat' dir='ltr'>et</span> 
     </span>
    </p>
   </div>
   <div class='ocr_carea' id='block_1_3' title="bbox 283 3700 402 3750">
    <p class='ocr_par' dir='ltr' id='par_1_3' title="bbox 283 3700 402 3750">
     <span class='ocr_line' id='line_1_33' title="bbox 283 3700 402 3750; baseline 0.017 -12"><span class='ocrx_word' id='word_1_208' title='bbox 283 3705 305 3738; x_wconf 75' lang='lat' dir='ltr'>at</span> <span class='ocrx_word' id='word_1_209' title='bbox 315 3700 402 3750; x_wconf 77' lang='lat' dir='ltr'>eatena,</span> 
     </span>
    </p>
   </div>
   <div class='ocr_carea' id='block_1_4' title="bbox 283 3734 1346 3819">
    <p class='ocr_par' dir='ltr' id='par_1_4' title="bbox 283 3734 1346 3819">
     <span class='ocr_line' id='line_1_34' title="bbox 283 3734 1346 3819; baseline 0.011 -32"><span class='ocrx_word' id='word_1_210' title='bbox 283 3749 386 3800; x_wconf 66' lang='lat' dir='ltr'>asana</span> <span class='ocrx_word' id='word_1_211' title='bbox 446 3739 621 3816; x_wconf 85' lang='lat' dir='ltr'>prostrata</span> <span class='ocrx_word' id='word_1_212' title='bbox 637 3740 702 3810; x_wconf 90' lang='lat' dir='ltr'>est,</span> <span class='ocrx_word' id='word_1_213' title='bbox 718 3734 770 3798; x_wconf 89' lang='lat' dir='ltr'>ita</span> <span class='ocrx_word' id='word_1_214' title='bbox 785 3734 876 3818; x_wconf 89' lang='lat' dir='ltr'>quod</span> <span class='ocrx_word' id='word_1_215' title='bbox 894 3737 929 3799; x_wconf 96' lang='lat' dir='ltr'>in</span> <span class='ocrx_word' id='word_1_216' title='bbox 947 3753 988 3799; x_wconf 87' lang='lat' dir='ltr'>ea</span> <span class='ocrx_word' id='word_1_217' title='bbox 1004 3735 1142 3818; x_wconf 89' lang='lat' dir='ltr'>plurimi</span> <span class='ocrx_word' id='word_1_218' title='bbox 1160 3736 1346 3819; x_wconf 91' lang='lat' dir='ltr'>perierunt.</span> 
     </span>
    </p>
   </div>
   <div class='ocr_carea' id='block_1_5' title="bbox 445 3988 1402 4330">
    <p class='ocr_par' dir='ltr' id='par_1_5' title="bbox 446 3988 1402 4193">
     <span class='ocr_line' id='line_1_35' title="bbox 482 3988 1402 4051; baseline 0.001 -12"><span class='ocrx_word' id='word_1_219' title='bbox 482 3993 489 4023; x_wconf 91' lang='lat'>¹</span> <span class='ocrx_word' id='word_1_220' title='bbox 511 3992 559 4040; x_wconf 87' lang='lat' dir='ltr'>See</span> <span class='ocrx_word' id='word_1_221' title='bbox 589 3994 647 4038; x_wconf 91' lang='lat' dir='ltr'>note</span> <span class='ocrx_word' id='word_1_222' title='bbox 674 3991 763 4051; x_wconf 88' lang='lat' dir='ltr'>above,</span> <span class='ocrx_word' id='word_1_223' title='bbox 789 3991 823 4039; x_wconf 86' lang='lat' dir='ltr'>ad</span> <span class='ocrx_word' id='word_1_224' title='bbox 850 3999 920 4039; x_wconf 69' lang='lat' dir='ltr'>aum¹</span> <span class='ocrx_word' id='word_1_225' title='bbox 971 3988 1123 4040; x_wconf 82' lang='lat' dir='ltr'>³‘Comites</span> <span class='ocrx_word' id='word_1_226' title='bbox 1131 3989 1147 4050; x_wconf 86' lang='lat'>;’</span> <span class='ocrx_word' id='word_1_227' title='bbox 1161 3991 1267 4040; x_wconf 87' lang='lat' dir='ltr'>omitted</span> <span class='ocrx_word' id='word_1_228' title='bbox 1275 3992 1402 4041; x_wconf 83' lang='lat' dir='ltr'>inlll.aud</span> 
     </span>
     <span class='ocr_line' id='line_1_36' title="bbox 446 4059 1401 4193; baseline 0.005 -18"><span class='ocrx_word' id='word_1_229' title='bbox 446 4064 518 4108; x_wconf 50' lang='grc' dir='ltr'>ω’</span> <span class='ocrx_word' id='word_1_230' title='bbox 935 4059 982 4159; x_wconf 52' lang='lat' dir='ltr'>Ari</span> <span class='ocrx_word' id='word_1_231' title='bbox 998 4130 1056 4178; x_wconf 82' lang='lat' dir='ltr'>sun</span> <span class='ocrx_word' id='word_1_232' title='bbox 1084 4130 1177 4191; x_wconf 76' lang='lat' dir='ltr'>curer,</span> <span class='ocrx_word' id='word_1_233' title='bbox 1204 4131 1340 4193; x_wconf 72' lang='lat' dir='ltr'>according</span> <span class='ocrx_word' id='word_1_234' title='bbox 1376 4136 1401 4180; x_wconf 80' lang='lat' dir='ltr'>to</span> 
     </span>
    </p>

    <p class='ocr_par' dir='ltr' id='par_1_6' title="bbox 445 4195 1402 4330">
     <span class='ocr_line' id='line_1_37' title="bbox 480 4195 1402 4262; baseline 0.002 -15"><span class='ocrx_word' id='word_1_235' title='bbox 480 4195 621 4247; x_wconf 83' lang='lat' dir='ltr'>²0mitted</span> <span class='ocrx_word' id='word_1_236' title='bbox 641 4198 667 4245; x_wconf 92' lang='lat' dir='ltr'>iu</span> <span class='ocrx_word' id='word_1_237' title='bbox 680 4199 718 4246; x_wconf 89' lang='lat' dir='ltr'>M.</span> <span class='ocrx_word' id='word_1_238' title='bbox 731 4195 862 4248; x_wconf 78' lang='lat' dir='ltr'>audD&#39;A.</span> <span class='ocrx_word' id='word_1_239' title='bbox 883 4202 909 4247; x_wconf 85' lang='lat' dir='ltr'>to</span> <span class='ocrx_word' id='word_1_240' title='bbox 935 4196 1108 4262; x_wconf 81' lang='lat' dir='ltr'>D&#39;Acherius,</span> <span class='ocrx_word' id='word_1_241' title='bbox 1132 4200 1182 4248; x_wconf 80' lang='lat' dir='ltr'>Lea</span> <span class='ocrx_word' id='word_1_242' title='bbox 1206 4201 1300 4249; x_wconf 81' lang='lat' dir='ltr'>turcico</span> <span class='ocrx_word' id='word_1_243' title='bbox 1320 4201 1352 4249; x_wconf 93' lang='lat' dir='ltr'>de</span> <span class='ocrx_word' id='word_1_244' title='bbox 1376 4202 1402 4250; x_wconf 87' lang='lat' dir='ltr'>la</span> 
     </span>
     <span class='ocr_line' id='line_1_38' title="bbox 445 4263 1019 4330; baseline 0.003 -14"><span class='ocrx_word' id='word_1_245' title='bbox 445 4268 562 4330; x_wconf 73' lang='lat' dir='ltr'>‘iubente</span> <span class='ocrx_word' id='word_1_246' title='bbox 572 4263 662 4329; x_wconf 68' lang='lat' dir='ltr'>patre?</span> <span class='ocrx_word' id='word_1_247' title='bbox 937 4269 1019 4318; x_wconf 85' lang='lat' dir='ltr'>Loire.</span> 
     </span>
    </p>
   </div>
   <div class='ocr_carea' id='block_1_6' title="bbox 0 0 1606 5028">
    <p class='ocr_par' dir='ltr' id='par_1_7' title="bbox 0 0 1606 5028">
     <span class='ocr_line' id='line_1_39' title="bbox 0 0 1606 5028; baseline 0 0"><span class='ocrx_word' id='word_1_248' title='bbox 0 0 1606 5028; x_wconf 95' lang='lat' dir='ltr'> </span> 
     </span>
    </p>
   </div>
  </div>
 </body>
</html>
