3204 5028
802 513 873 562 Nlc.
890 514 1038 562 salvum

474 699 497 736 D·
512 698 538 734 N.
549 698 569 732 J.
580 698 603 732 0.
691 695 714 733 Ρ.
727 696 891 732 ROMANORUM
903 697 928 732 lt.
1026 697 1181 732 FRANGORUM
1231 697 1371 734 ANGLORUM

474 785 608 822 ncnxxxn.
659 784 725 819 tucn
745 785 783 821 111.
822 784 954 820 sannarum
965 784 984 819 1.
1028 782 1177 820 ru1t1rr111.
1233 785 1335 820 uererer
1347 787 1378 824 11.

713 844 735 889 1.
851 846 892 890 27.
911 845 951 889 30.
1095 843 1117 889 1.
1284 847 1326 892 28.

282 1001 423 1050 sugnens
495 976 612 1043 cmm
629 978 732 1041 finem
750 979 877 1041 mensis
894 976 917 1040 J
921 977 993 1053 ulii,
1011 976 1187 1040 Henricus
1205 999 1268 1040 rex
1282 981 1396 1043 senior

281 1055 398 1152 iiiiii?
443 1079 479 1142 in
495 1076 660 1159 Angliam
680 1077 929 1142 transfretavit.
982 1075 1173 1154 GallriduS,
1191 1077 1282 1140 filius
1304 1080 1395 1160 regis

444 1176 595 1259 Angliae‚
610 1177 717 1241 filiam
731 1177 878 1253 Conari,
896 1176 1031 1240 comitis
1050 1177 1254 1253 Britanniae,
1272 1179 1396 1241 solem-

444 1278 534 1342 niter
555 1277 789 1360 desponsavit.
841 1271 901 1339 ¹In
927 1276 1144 1340 solemnitate
1173 1277 1319 1341 Paschae
1350 1280 1393 1341 ad

444 1385 608 1454 castrum,
643 1377 735 1460 quod
768 1377 895 1442 dicitur
921 1369 1208 1453 ²Mons-Aureus,
1237 1378 1394 1459 quaedam

444 1478 567 1542 mulier
588 1477 724 1542 infamis
750 1495 827 1540 oum
857 1477 1028 1559 acciperet
1059 1475 1194 1558 Corpus
1224 1476 1393 1556 Cunrsrr,

444 1597 514 1642 non
526 1577 667 1658 glutivit
679 1576 777 1654 illud,
795 1577 855 1641 sed
873 1577 989 1659 posuit
1003 1575 1087 1639 illud
1104 1577 1140 1639 in
1158 1596 1239 1640 arca
1253 1597 1329 1654 sua,
1343 1577 1395 1640 in-

444 1675 601 1741 volutum
619 1697 733 1759 panno
749 1677 851 1740 lineo.
904 1676 992 1740 Cum
1010 1683 1126 1740 antem
1141 1677 1281 1758 quidam
1301 1697 1395 1741 ama-
1445 1753 1452 1763 ¹

444 1776 515 1840 sius
533 1776 608 1859 ejus
625 1778 774 1859 aperiret
789 1776 932 1840 eandem
950 1795 1078 1854 arcam,
1095 1777 1228 1840 invenit
1246 1776 1392 1840 hostiam

445 1875 619 1940 Dominici
635 1875 799 1958 Corporis
815 1877 851 1939 in
869 1875 1014 1957 effigiem
1031 1877 1143 1940 carnis
1162 1885 1196 1941 et
1214 1877 1394 1957 sanguinis

443 1981 720 2040 transmutatam.

281 2100 419 2140 memoras
495 2074 611 2140 Mater
628 2076 762 2141 soldani
783 2076 904 2153 Iconii,
923 2095 1002 2158 quae
1020 2082 1059 2138 ut
1074 2074 1322 2157 supradictum
1340 2083 1393 2140 est

280 2150 430 2240 illidii}
441 2193 540 2240 soror
559 2175 674 2240 suerat
697 2175 831 2241 comitis
858 2176 892 2238 S.
912 2176 1056 2256 AEgidii‚
1081 2169 1239 2240 ³veniens
1265 2176 1309 2240 ad
1332 2197 1393 2240 ex·

280 2250 394 2291 ⁰¹¹¹¹⁸t¹⁸²
442 2282 564 2353 trema,
579 2276 746 2339 revelavit
762 2275 922 2349 filiosuo,
948 2275 1040 2356 quod
1058 2294 1192 2357 semper
1206 2276 1392 2353 celaverat,

442 2376 533 2458 quod
553 2383 644 2439 esset
662 2375 820 2440 videlicet
837 2374 1055 2454 Christiana;
1079 2376 1283 2457 rogavitque
1299 2377 1392 2458 qnod

442 2475 596 2540 erederet
611 2476 646 2539 in
662 2476 874 2551 Cameren,
892 2482 928 2540 et
944 2475 1036 2556 quod
1052 2474 1211 2556 diligeret
1226 2475 1391 2540 Christia-

442 2595 515 2641 nos.
568 2575 633 2640 Cui
649 2575 752 2652 filius,
772 2594 895 2639 senon
908 2576 1036 2638 andere
1057 2574 1122 2638 hoc
1146 2582 1264 2657 aperte
1280 2575 1393 2640 facere

440 2683 583 2757 propter
614 2692 779 2756 paganos
811 2674 997 2757 respondit.
1059 2674 1228 2757 Dixitque
1259 2683 1390 2740 mater:

441 2774 545 2850 ‘Fili,
572 2793 650 2837 cum
678 2781 814 2838 mortua
838 2775 945 2850 suero,
973 2775 1144 2838 excelsam
1172 2774 1255 2838 mihi
1278 2776 1393 2858 sepul-

441 2880 554 2936 turam
570 2874 624 2948 sac
642 2874 731 2939 sicut
746 2875 970 2957 pyramidem,
995 2882 1030 2938 et
1047 2894 1242 2956 supeream
1259 2874 1390 2940 colloca

440 2974 578 3054 signum
596 2975 729 3037 erucis!
769 2974 839 3052 Qui
857 2995 935 3038 cum
951 2975 1174 3056 responderet
1189 2994 1226 3038 se
1244 2995 1313 3038 non
1330 2995 1392 3040 au-

440 3072 522 3137 dere
548 3073 613 3136 hoo
640 3073 753 3138 facere
770 3074 821 3144 „de
852 3075 918 3151 die,
947 3074 1037 3139 dixit
1069 3075 1100 3138 ei
1126 3081 1166 3138 ut
1192 3075 1320 3139 faceret
1348 3077 1390 3140 de

441 3180 562 3250 noete3
593 3193 661 3254 quo
685 3175 855 3255 indignati
875 3175 1037 3238 Saraceni
1059 3182 1179 3238 contra
1201 3175 1390 3257 principem

439 3291 553 3349 suum,
568 3273 730 3338 volebant
741 3294 818 3337 eum
832 3274 996 3338 occidere.
1037 3272 1261 3338 Adscendens
1275 3283 1390 3340 autem

439 3372 577 3454 quidam
593 3379 632 3436 ut
647 3393 781 3438 crucem
797 3374 995 3456 deponeret,
1011 3392 1173 3437 corruens
1188 3375 1391 3456 exspiravit.

439 3471 540 3536 Alius
566 3492 705 3554 quoque
724 3474 767 3536 ad
787 3474 876 3536 idem
896 3474 1066 3555 agendum
1086 3473 1312 3551 adscendens
1334 3495 1392 3538 ca-

438 3589 513 3634 sum
535 3572 680 3635 similem
704 3575 889 3655 experitur.
943 3573 1063 3637 Tertia
1088 3593 1168 3637 vero
1190 3573 1244 3636 die
1266 3594 1391 3638 eonve-

438 3671 553 3735 niente
590 3691 718 3753 magua
752 3673 980 3749 multitudine,
1018 3679 1058 3735 ut
1087 3673 1268 3737 aedilicium
1303 3674 1388 3739 illud

437 3770 600 3848 dirueret,
632 3772 732 3835 multi
763 3773 804 3836 de
834 3774 883 3836 eis
917 3773 1155 3836 coruscatione
1189 3779 1224 3836 et
1254 3773 1390 3854 fulgure

437 3870 621 3952 perierunt.
674 3871 773 3936 Tunc
792 3872 901 3936 fertur
922 3873 1123 3954 apparuisse
1146 3872 1290 3953 angelus
1314 3874 1388 3937 Do·

438 3985 532 4046 eru,
562 3977 597 4032 et
617 3970 844 4035 clarissimum
867 3973 1002 4052 signum
1029 3973 1141 4035 crucis
1167 3992 1271 4054 super
1293 3973 1387 4036 illam

436 4050 649 4149 pyramidem
682 4070 849 4150 posuisse.
906 4072 961 4134 Ex
994 4091 1063 4153 quo
1094 4072 1224 4136 laetum
1250 4080 1316 4150 est,
1348 4082 1388 4137 ut

470 4239 479 4272 ¹
495 4243 675 4293 ‘solemnitate
688 4245 810 4295 Paschali
818 4243 834 4308 ;’
845 4249 884 4298 M.
958 4246 968 4279 ³
985 4249 1099 4298 Omitted
1111 4251 1137 4298 in
1149 4217 1218 4299 n’A.

471 4309 481 4339 ²
496 4312 564 4362 Now
575 4313 710 4366 Montoire.
