3252 5026
301 1583 398 1622 Miracles
408 1583 431 1622 of

300 1635 329 1673 St.
339 1634 443 1672 Dominio.

462 487 528 552 202
818 505 890 552 nro.
914 503 1061 551 rarvnrr

464 661 635 740 Quicum
659 661 682 724 J
686 681 797 726 caune
815 663 857 726 de
880 662 1063 740 Columna,
1083 664 1283 745 presbytero
1306 661 1417 727 cardi-

463 762 545 839 nali,
568 764 604 826 in
630 761 803 826 Graeciam
830 763 1069 839 transfretans
1095 763 1307 827 Durachium
1332 763 1415 826 civi-

462 869 570 926 tatem
587 863 743 942 obsedit3
767 862 828 926 sed
845 870 926 944 post
948 882 1017 926 non
1038 864 1164 927 multos
1186 864 1258 927 dies
1283 882 1305 926 a
1328 862 1415 926 duce

463 963 539 1046 ejus
568 963 663 1026 urbis
693 962 876 1026 Theodoro
905 963 1113 1044 captivatur.
1167 962 1297 1027 Eodem
1322 982 1414 1026 anuo

461 1062 719 1143 insurgentibus
735 1062 943 1126 Tholosanis
957 1070 1079 1126 contra
1095 1063 1253 1127 comitem
1270 1061 1415 1126 Montis-

461 1162 573 1239 sortis,
602 1163 725 1226 beatus
752 1163 967 1237 Dominicus,
993 1163 1104 1227 electo
1134 1163 1239 1226 fratre
1265 1161 1414 1244 quodam

463 1262 600 1326 nominc
622 1262 793 1326 Matthaeo
814 1262 851 1324 in
870 1263 1042 1338 abbatem,
1059 1263 1119 1345 qui
1136 1263 1266 1344 primus
1281 1256 1317 1325 et
1333 1261 1414 1326 ulti-

461 1381 538 1425 mus
565 1361 631 1426 fuit
656 1363 692 1425 iu
723 1362 855 1439 ordine,
882 1361 1007 1426 iratres
1033 1362 1213 1445 dispersit;
1246 1361 1413 1444 quosdam

461 1463 601 1526 mittens
624 1462 659 1525 in
692 1461 914 1545 Hispaniam,
943 1461 1110 1545 quosdam
1135 1481 1216 1526 vero
1247 1460 1412 1525 Parisios

464 1560 545 1644 lpse
560 1569 676 1625 autem
693 1562 841 1626 Romam
857 1561 987 1636 adiens,
999 1561 1138 1625 domum
1152 1581 1308 1626 sororum
1322 1560 1413 1644 apud

462 1669 618 1726 sanctum
643 1661 780 1724 Sixtum
804 1660 967 1737 instituit,
987 1661 1046 1724 ubi
1070 1662 1149 1725 dum
1168 1680 1299 1725 moram
1322 1661 1414 1725 face-

462 1768 527 1837 ret,
555 1767 715 1844 nepotem
742 1760 920 1845 eujusdam
948 1759 1132 1825 cardinalis
1156 1780 1244 1844 equo
1267 1760 1414 1843 lapsum,

462 1860 661 1942 factumque
678 1861 872 1923 exanimem
888 1859 969 1924 vitae
987 1861 1157 1925 restituit:
1189 1860 1413 1925 architectum

462 1961 632 2042 quendam
653 1959 770 2036 etiam,
792 1959 1045 2041 praecipitatum
1069 1961 1112 2024 ad
1134 1967 1291 2038 mortem,
1313 1961 1416 2024 mira-

463 2060 578 2124 biliter
594 2061 787 2124 suscitavit.
835 2059 911 2123 Illis
926 2059 1045 2123 diebus
1061 2062 1259 2125 morabatur
1269 2061 1305 2123 in
1319 2059 1414 2123 ouria

462 2161 629 2241 magister
668 2159 896 2241 Reginaldus,
939 2160 1090 2224 decanus
1133 2161 1245 2224 sancti
1283 2160 1413 2225 Auiani

462 2258 734 2336 Aurelianensis
761 2260 882 2323 doctor
911 2259 1001 2342 juris
1031 2260 1200 2336 canonici,
1229 2259 1288 2342 qui
1311 2261 1413 2323 beato

462 2357 645 2423 Dominico
662 2359 845 2423 admodum
859 2353 1061 2437 ¹familiaris,
1077 2361 1269 2440 ingressum
1286 2359 1414 2423 ordinis

461 2459 681 2524 vehementer
698 2459 846 2523 habebat
861 2460 896 2522 in
915 2466 1017 2538 voto;
1044 2458 1105 2522 sed
1121 2458 1351 2524 intercedente
1368 2478 1413 2523 ex

463 2560 577 2624 causis
611 2560 788 2635 dilatione,
823 2567 894 2622 tam
919 2559 1019 2641 gravi
1044 2552 1204 2623 ²febrium
1231 2559 1414 2623 vexatione

462 2666 641 2741 correptus
668 2664 734 2734 est,
761 2665 801 2721 ut
831 2658 1063 2723 invalescente
1094 2660 1212 2724 morbo
1245 2659 1413 2740 relinque-

462 2766 591 2822 retura
610 2758 749 2821 medicis
774 2757 911 2840 penitus
933 2759 1145 2841 desperatus.
1199 2757 1280 2836 Qui,
1296 2765 1414 2822 orante

462 2877 525 2939 pro
548 2877 589 2920 eo
611 2859 714 2921 beato
738 2857 933 2935 Dominico,
957 2858 1045 2923 vidit
1061 2858 1247 2940 gloriosam
1269 2865 1414 2922 matrem

463 2957 533 3020 Dur
557 2956 600 3018 ad
621 2976 658 3020 se
676 2956 805 3033 venire,
824 2957 1069 3022 comitantibus
1089 2977 1163 3022 eam
1184 2959 1318 3022 duabus
1345 2958 1414 3022 vir·

462 3056 599 3137 ginibus
623 3056 805 3120 admodum
833 3057 1017 3139 speciosis:
1043 3077 1121 3141 queo
1140 3065 1286 3122 extensa
1308 3077 1414 3121 manu

463 3154 619 3236 virginea
646 3156 763 3220 oculos
794 3157 858 3220 sibi
887 3164 922 3221 et
950 3177 1063 3234 nares,
1093 3176 1213 3239 osque,
1247 3177 1345 3221 renes
1373 3177 1414 3221 ac

463 3256 566 3338 pedes
595 3258 760 3339 perunxit
786 3264 962 3338 unguento
989 3257 1080 3340 quod
1107 3277 1223 3322 secum
1250 3257 1415 3321 attulerat

462 3356 619 3433 salutari,
647 3357 753 3420 verba
786 3355 962 3439 proferens
1004 3357 1142 3440 propria
1179 3357 1222 3421 ad
1259 3356 1414 3438 singulas

464 3457 653 3533 unctiones,
671 3456 713 3519 de
731 3457 855 3540 quibus
872 3462 1007 3520 tantum
1021 3457 1082 3520 illa
1098 3457 1252 3533 retinuit,
1275 3475 1353 3539 quac
1369 3456 1413 3520 ad

462 3575 562 3619 renes
594 3556 797 3620 dicebantur
831 3563 868 3619 et
897 3557 1020 3638 pedes:
1062 3576 1207 3638 quorum
1238 3557 1282 3621 ad
1314 3575 1412 3620 renes

463 3662 573 3731 erant,
596 3655 842 3738 ‘Stringantur
864 3675 962 3719 renes
984 3655 1036 3720 tui
1053 3656 1193 3738 cingulo
1208 3655 1380 3720 castitatis
1394 3657 1414 3735 ;'

463 3753 504 3817 ad
529 3755 633 3837 pedes
660 3775 753 3832 vero,
777 3755 907 3837 ‘Ungo
936 3755 1039 3837 pedes
1067 3763 1146 3820 tuos
1174 3756 1210 3820 in
1240 3774 1414 3839 praepara·

463 3854 590 3918 tionem
622 3855 793 3935 evangelii
823 3855 942 3936 pacis!
993 3855 1150 3920 Tandem
1185 3857 1216 3920 ei
1245 3855 1411 3931 habitum,

463 3974 531 4036 quo
560 3975 652 4018 nunc
685 3961 830 4018 utuntur
856 3953 992 4032 fratres
1017 3956 1202 4019 ostendens
1228 3955 1289 4032 ait,
1318 3954 1413 4018 ‘Hic

463 4062 516 4117 est
531 4052 669 4117 habitus
685 4054 815 4117 ordinis
834 4054 908 4117 tui!
949 4055 1055 4118 Mane
1073 4056 1181 4136 igitur
1196 4055 1300 4132 facto,
1317 4055 1413 4118 veni·

463 4154 534 4215 enti
551 4153 595 4215 ad
617 4172 654 4216 se
674 4154 776 4216 beato
793 4154 976 4218 Dominico
999 4157 1155 4219 narravit
1178 4175 1239 4238 per
1261 4155 1412 4218 ordinem

498 4307 505 4338 ¹
523 4311 671 4359 ‘familiaris
682 4312 786 4361 effectus
796 4309 812 4373 3⁹
823 4314 861 4362 Μ.
874 4318 898 4362 et
908 4313 953 4362 Ar.
987 4310 991 4373 Ι
1041 4311 1051 4343 ²
1068 4315 1161 4363 ‘febris
1169 4310 1184 4376 ;'
1196 4310 1264 4364 ΙΥΑ.
