3226 5020
441 500 507 568 276
796 515 869 564 ruo.
894 515 1040 562 rnrv-nrr

278 688 453 786 magr·
495 673 660 739 Exercitu
680 692 761 737 vero
782 674 825 737 de
842 680 953 738 morte
978 674 1069 757 regis
1091 673 1277 756 plurimum
1300 673 1399 736 deso·

279 749 527 851 carrinarum,
556 774 756 855 supervenit
782 773 931 838 Carolus
956 793 1018 838 rex
1049 773 1187 846 Siciliae,
1209 791 1311 854 quern
1336 792 1398 836 rex

445 874 657 938 Francorum
687 873 799 936 adhuc
826 874 947 938 vivens
971 873 1100 936 fecerat
1128 873 1299 936 accersiri
1352 872 1398 936 Et

443 993 520 1038 cum
559 974 669 1038 multo
706 972 822 1056 plures
860 974 1056 1038 viderentur
1093 972 1257 1036 Saraceni
1293 967 1400 1054 quam

444 1072 646 1149 Christiani,
670 1081 785 1136 tamen
810 1072 1007 1136 nullatenus
1033 1073 1109 1135 ausi
1130 1079 1211 1136 sunt
1230 1061 1320 1135 bello
1340 1090 1397 1152 ge·

444 1173 553 1237 nerali
590 1173 733 1255 aggredi
776 1171 1005 1248 Christianos,
1041 1172 1100 1235 sed
1135 1191 1198 1254 per
1230 1171 1396 1253 quasdam

444 1273 593 1337 astutias
610 1273 720 1336 multa
741 1273 791 1335 eis
811 1272 1029 1335 incommoda
1045 1270 1247 1334 inferebant.
1300 1270 1398 1334 Inter

445 1373 515 1436 alia
541 1371 644 1448 enim,
672 1390 750 1436 cum
777 1372 874 1453 regio
903 1371 949 1435 sit
978 1371 1124 1434 multum
1156 1371 1330 1446 sabulosa,
1363 1379 1399 1435 et

446 1481 599 1554 tempore
628 1471 794 1535 siccitatis
827 1470 1009 1553 plurimum
1044 1470 1241 1552 pulverosa,
1267 1478 1399 1534 statue-

446 1580 527 1636 runt
544 1571 708 1635 Saraceni
723 1571 825 1654 plura
847 1570 956 1634 millia
974 1569 1149 1634 hominnm
1172 1589 1279 1652 super
1299 1588 1396 1633 mon·

447 1679 516 1735 tem
534 1675 641 1734 unum
662 1670 868 1734 Christianis
885 1670 1047 1746 vicinum,
1068 1677 1115 1746 et,
1134 1677 1173 1734 ut
1189 1676 1314 1733 ventus
1336 1669 1399 1732 fla·

447 1779 501 1835 ret
515 1772 559 1836 ad
582 1777 714 1852 partem
733 1769 1020 1846 Christianorum,
1037 1769 1196 1834 sabulum
1220 1778 1396 1833 moventes

446 1872 623 1952 pulverem
646 1870 871 1945 suscitarunt,
888 1871 948 1951 qui
969 1870 1112 1933 multam
1132 1868 1355 1932 molestiam'
1346 1888 1397 1931 rn

283 1995 337 2041 «aa,
347 2005 393 2044 pre·
447 1970 528 2035 tulit
557 1969 783 2048 Christianis3
811 1969 871 2032 sed
900 1969 1039 2033 tandem
1063 1969 1205 2051 pulvere
1235 1988 1297 2051 per
1322 1969 1398 2051 plu-

282 2023 432 2141 tillitus,
446 2070 538 2134 viam
556 2068 690 2145 sedato,
707 2068 908 2144 Christiani,
932 2069 1065 2150 paratis
1084 2067 1252 2132 machinis
1277 2075 1313 2132 et
1336 2087 1396 2132 va-

445 2169 505 2233 riis
535 2169 784 2245 instrumentis,
813 2169 996 2231 Tunicium
1029 2187 1091 2249 per
1119 2177 1244 2232 terram
1271 2175 1306 2231 ct
1337 2188 1398 2249 per

445 2289 539 2334 marc
559 2287 760 2352 oppugnare
775 2268 973 2350 disponunt.
1002 2266 1104 2344 Quod
1124 2267 1277 2332 videntes
1292 2267 1395 2331 Sara-

444 2369 520 2433 ceni
535 2377 640 2452 pacta
658 2387 735 2433 cum
755 2366 962 2431 Christianis
984 2368 1144 2442 inierunt,
1171 2367 1396 2431 concedentes

445 2475 484 2533 ut
500 2488 619 2534 omnes
642 2467 832 2533 Christiani
856 2467 892 2530 in
918 2486 1024 2548 regno
1049 2467 1109 2530 illo
1134 2466 1276 2549 captivi,
1298 2467 1397 2531 liberi

444 2569 722 2646 dimitterentnr3
754 2574 790 2631 et
810 2567 915 2649 quod,
938 2567 1086 2630 conditis
1112 2566 1329 2631 monasteriis
1352 2567 1395 2631 ad

444 2669 609 2732 honorem
640 2667 770 2732 Christi
805 2668 840 2729 in
876 2667 1033 2730 omnibus
1068 2667 1266 2730 civitatibus
1298 2668 1396 2748 regni

443 2768 549 2845 illius,
572 2767 657 2830 fides
685 2766 815 2830 Christi
840 2786 902 2847 per
925 2764 1049 2829 fratres
1079 2765 1332 2829 Praedicatores
1362 2774 1396 2831 ct

443 2867 614 2941 Minores,
630 2875 665 2930 et
682 2885 744 2948 per
757 2865 844 2928 alios
857 2884 1092 2948 quoscunque,
1107 2865 1213 2929 libere
1230 2865 1396 2948 praedice-

281 2985 404 3024 sonuuna
445 2973 514 3042 tur,
532 2974 568 3029 et
585 2966 740 3029 volentes
760 2964 930 3046 baptizari
946 2965 1052 3029 libere
1066 2966 1305 3047 baptizentur.
1329 2967 1395 3029 sic-

281 3036 383 3125 tillim
446 3084 513 3147 quc
528 3065 652 3129 solutis
668 3083 787 3146 regum
809 3065 984 3147 expensis,
1007 3071 1042 3128 et
1059 3083 1141 3146 rega
1163 3065 1302 3129 Tunicii
1323 3065 1396 3148 regi

283 3146 350 3184 “⁸⁸⁸
446 3164 572 3229 Siciliae
593 3165 686 3229 facto
705 3165 898 3241 tributario,
915 3165 1047 3245 treugis
1065 3183 1232 3227 annorum
1247 3164 1395 3247 plurium

445 3266 630 3342 concessis,
648 3283 807 3329 reversus
821 3271 874 3328 est
890 3264 1062 3328 exercitus
1080 3263 1306 3328 Christianus.

283 3384 408 3483 ιιιηιὲιὶ
497 3365 687 3430 Edwardus
713 3365 804 3427 filius
826 3364 919 3446 regis
946 3361 1084 3445 Angliae
1107 3372 1186 3445 post
1214 3366 1396 3428 transitum

282 3444 408 3580 {ffien‘
444 3466 480 3528 in
499 3465 647 3542 Gallias,
662 3465 706 3528 ad
724 3462 860 3546 Aquas·
862 3471 1017 3526 mortuas
1039 3464 1254 3545 perveniens
1279 3471 1314 3528 et
1333 3466 1398 3528 ibi·

444 3564 522 3628 dem
547 3565 693 3628 navibus
715 3583 752 3626 se
770 3563 1000 3639 committens,
1016 3563 1133 3627 decem
1149 3564 1281 3627 dierum
1299 3565 1397 3630 navi·

445 3665 585 3744 gatione
607 3663 791 3728 Tunicium
815 3664 985 3745 pervenit,
1009 3663 1195 3746 salvusque
1219 3683 1296 3727 cunr
1322 3673 1398 3730 tota

444 3783 510 3827 sua
537 3763 706 3846 applicuit
731 3763 906 3828 comitiva.
958 3760 1012 3825 Ac
1043 3762 1123 3826 inde
1155 3783 1237 3845 rege
1271 3762 1397 3828 Siciliae

443 3864 643 3945 navigante,
662 3861 744 3927 illuc
772 3862 1046 3944 periclitantibus
1072 3862 1171 3944 gravi
1193 3870 1398 3945 tempestate

444 3965 592 4028 navibus
613 3962 781 4043 pluribus,
809 3962 1054 4044 submersoque
1075 3961 1237 4026 thesauro
1260 3963 1302 4026 de
1325 3963 1397 4026 Tu·

282 4082 393 4122 „avan
445 4063 535 4126 nicio
564 4062 682 4138 allato,
706 4061 911 4137 Edwardus,
934 4061 1111 4125 licentiato
1141 4064 1397 4144 consanguineo

282 4133 342 4170 ⁸⁰¹⁰
444 4181 508 4224 suo
543 4161 697 4224 Henrico
724 4161 765 4223 do
797 4160 1014 4238 Alamannia,
1047 4161 1184 4225 volente
1222 4163 1372 4226 redire
1361 4183 1397 4226 ur

445 4258 620 4342 Angliam,
650 4260 726 4322 vela
754 4279 818 4342 sua
846 4259 975 4323 direxit
1002 4261 1037 4324 iu
1064 4259 1209 4341 Achon3
1244 4262 1397 4345 illucque
