3170 5020
601 531 785 581 annuens.
1104 517 1171 582 341

219 695 351 754 tantum
376 711 437 774 per
458 690 545 754 duas
567 689 684 754 leucas
702 692 746 755 ab
768 692 853 756 urbe
878 689 1060 769 distentae,
1078 691 1166 756 cele·
1181 708 1223 749 111·
1231 711 1300 750 tnnc

217 789 301 854 riter
323 809 505 872 occupare.
570 783 791 855 ¹Proe1nuniti
814 791 1065 874 aliquantulum
1095 790 1168 856 An·
1179 759 1331 803 'mmm'

217 889 298 970 glici
323 890 365 953 de
392 893 543 956 adventu
565 889 728 968 hostium,
754 891 800 955 ad
821 890 947 956 bellum
972 911 1010 956 se
1029 900 1167 975 parant,

218 996 253 1052 et
285 990 422 1066 armati,
459 997 563 1072 prout
598 989 765 1054 articulus
805 992 968 1073 temporis
999 992 1166 1074 permisit,

217 1089 309 1170 parti
347 1097 535 1153 occurrunt
570 1089 751 1169 adversae3
797 1099 1024 1172 consertoque
1066 1093 1166 1172 gravi

218 1187 350 1269 praelio,
381 1208 450 1253 non
485 1189 559 1252 sine
589 1197 706 1270 strage
736 1190 858 1268 multa,
892 1189 1015 1254 Gallos
1037 1198 1166 1272 cogunt

218 1288 260 1352 ad
290 1289 408 1352 urbem
443 1288 579 1352 reverti.
633 1287 731 1367 Quos
762 1288 843 1353 dum
877 1289 1049 1372 fugientes
1075 1291 1168 1354 inse·
1235 1283 1237 1288 ’

218 1395 382 1469 quantur,
407 1387 553 1469 ingressi
581 1395 663 1452 sunt
691 1391 811 1453 urbem
836 1389 905 1452 duo
936 1389 1062 1453 milites
1094 1388 1168 1454 An-

218 1487 358 1567 glicani,
386 1488 510 1551 fratres
544 1486 673 1551 domini
702 1488 799 1553 Petri
831 1488 874 1552 de
897 1488 1100 1566 Malolacu,
1130 1496 1166 1554 et

220 1587 342 1650 tertius
361 1579 508 1663 ²Vasco,
533 1605 611 1649 oum
631 1586 766 1651 duobus
789 1587 991 1653 vexilliferis
1016 1587 1041 1652 J
1044 1588 1165 1654 oannis

220 1685 262 1748 de
281 1687 461 1750 Britannia
482 1694 517 1751 et
539 1683 644 1749 Alani
664 1686 700 1751 la
722 1687 868 1764 Soucbe,
890 1705 978 1770 quos
1001 1697 1167 1771 ceperunt

220 1783 348 1849 Gallici
380 1787 489 1868 portis
518 1785 656 1850 clausis.
708 1787 902 1852 Devastata
930 1806 1011 1852 vero
1039 1807 1167 1869 magna

219 1889 317 1967 parte
361 1885 515 1950 suburbii
553 1886 723 1964 incendio,
762 1887 985 1951 Eadmundus
1024 1895 1166 1970 propter

219 1985 386 2066 quasdam
412 2003 536 2050 causas
561 1985 688 2049 arduas
710 1987 895 2051 revertitur
913 1987 949 2051 in
973 1987 1165 2066 Baionam;

219 2085 279 2148 nbi
308 2105 377 2149 non
408 2085 518 2149 multo
548 2093 628 2165 post
657 2085 693 2148 in
725 2087 962 2167 aegritudinem
992 2085 1166 2164 decidens,

220 2185 402 2247 terminum
432 2185 515 2248 vitae
542 2183 678 2247 clausit.
729 2185 874 2249 Obsedit
896 2193 976 2268 post
1005 2186 1079 2249 haec
1106 2206 1168 2250 ex-

219 2283 346 2346 ercitus
375 2282 591 2365 Anglicanus
623 2284 743 2348 urbem
760 2283 983 2367 „Aquensem
1015 2285 1075 2348 sed
1106 2305 1168 2367 pe-

219 2383 320 2446 nuria
341 2383 543 2446 victualium
573 2389 714 2446 coactus
747 2383 920 2448 discedere
954 2385 1165 2447 obsidionem

220 2481 345 2547 omisit.
398 2481 522 2546 Comes
540 2481 810 2561 Attrabatensis,
828 2502 889 2566 per
914 2503 1028 2565 regem
1057 2484 1167 2548 Fran-

221 2601 337 2646 corum
368 2582 404 2645 in
427 2581 637 2646 Vasconiam
665 2582 803 2661 missus,
825 2583 1034 2649 munitiones
1061 2600 1166 2665 quas·

219 2680 299 2745 dam
331 2683 373 2746 de
402 2700 507 2745 mann
532 2679 756 2762 Anglicorum
780 2682 939 2747 extorsit.
992 2682 1062 2762 Qui
1084 2702 1166 2748 vcro

221 2781 376 2862 Burgum
408 2801 513 2864 super
551 2800 645 2844 mare
684 2783 857 2860 tenebant,
895 2782 1072 2846 obsidente
1106 2801 1166 2846 eos

220 2865 358 2946 domino
378 2881 421 2945 de
442 2880 606 2959 Sulliaco,
623 2881 780 2945 inducias
797 2883 1034 2964 impetrantes,
1055 2901 1166 2965 usque

221 2981 382 3045 Blavium
412 3000 475 3063 pro
505 2988 697 3044 commeatu
720 2983 861 3046 nuntios
889 2983 1164 3046 transmiserunt.
1203 3021 1208 3028 ·

222 3080 292 3144 Ubi
314 3101 392 3144 cum
415 3100 537 3145 navem
562 3081 770 3145 victualibus
795 3090 954 3146 onustam
977 3082 1082 3146 ceteri
1107 3080 1166 3146 de·

219 3180 345 3244 ducere
365 3186 576 3257 recusarent,
596 3179 714 3244 Simon
732 3181 774 3244 de
795 3180 1050 3257 Monte-acuto,
1067 3180 1165 3244 miles

220 3286 383 3344 strenuus
414 3286 450 3343 et
474 3279 649 3357 cordatus,
674 3299 736 3362 per
759 3279 889 3343 medias
915 3279 1034 3361 galeas
1057 3278 1167 3342 Galli-

220 3398 350 3457 corum,
373 3397 451 3460 quoe
477 3379 521 3442 ad
544 3378 792 3462 prohibendum
815 3379 998 3442 transitum
1023 3378 1163 3442 navium

220 3478 363 3542 fluvium
394 3479 638 3556 observabant,
664 3478 861 3561 adspirante
887 3477 973 3542 flatu
1000 3497 1166 3561 prospero

219 3597 328 3661 usqne
346 3580 504 3660 Burgum
525 3577 688 3642 deduxit:
713 3598 781 3661 qno
803 3579 955 3660 cognito,
972 3577 1086 3642 soluta
1103 3579 1165 3641 ob-

220 3679 363 3755 sidione,
385 3678 544 3742 dominus
566 3677 610 3741 dc
626 3671 797 3742 ⁸Snlliaco
816 3678 1001 3742 revertitur
1022 3677 1058 3740 in
1081 3676 1169 3742 Gal-

220 3777 297 3856 lias,
314 3779 446 3842 intento
465 3777 666 3842 frustratus.

270 3877 498 3958 [Florentius
516 3897 630 3941 comes
648 3876 847 3953 Holandiae,
862 3876 922 3959 qui
943 3874 1049 3941 filium
1066 3895 1164 3940 suum
1178 3895 1284 3944 noma,

1179 3950 1243 3985 count
1251 3947 1274 3984 ct

219 3979 294 4059 regi
317 3976 455 4059 Angliae
477 3977 693 4041 nutriendum
722 3975 952 4052 tradidit,·cui
974 3977 1077 4039 etiam
1104 3996 1166 4040 rex
1179 3995 1309 4095 mm:

219 4077 323 4140 filiam
352 4096 451 4141 suam
479 4076 657 4141 Elisabeth
686 4077 856 4141 connubio
881 4075 1029 4159 jungere
1051 4075 1166 4158 dispo·
1179 4096 1259 4146 aaa.

255 4251 261 4280 ¹
282 4247 467 4313 ‘Praemonitif
480 4253 548 4301 D’A.
742 4249 752 4281 ³
768 4251 916 4312 ‘Solllaco;'
937 4251 997 4300 θοὰ,
1017 4251 1080 4313 aeg.
1115 4252 1169 4301 The

254 4321 264 4350 ²
278 4323 341 4372 This
348 4323 421 4372 word
430 4324 452 4372 ie
463 4323 567 4372 omitted
575 4323 601 4371 in
614 4317 680 4371 D'A.
707 4321 779 4370 other
790 4321 865 4370 MSS.
877 4320 941 4370 have
952 4317 1095 4370 ‘Sulllaco.‘
