3204 5028
420 455 486 520 120
766 472 837 518 ruo.
864 471 1012 518 rnrvnun

422 647 494 710 rius
521 645 738 708 subsecuturi
763 645 934 726 patienter
964 644 1225 726 praestolaretur
1251 645 1400 734 aduen-¹

261 769 385 817 menos
421 754 508 812 tum.
560 745 670 808 Simul
701 745 819 828 itaque
849 744 994 827 prosecti
1023 751 1106 808 sunt
1134 763 1235 826 reges
1267 765 1377 828 usque

260 817 403 916 hillidii
422 846 466 910 ad
500 843 721 927 Lugdunum,
753 864 794 908 ac
827 841 906 908 inde
937 864 999 908 rex
1029 844 1242 909 Francorum
1267 865 1377 928 usque

261 917 405 1018 ἷῗὲἕῗοῗε
422 945 445 1010 J
448 962 597 1024 anuam3
638 944 737 1029 cujus
777 945 871 1009 cives
910 945 976 1008 sibi
1013 944 1232 1026 alhgaverat,
1268 946 1377 1009 veluti

422 1065 549 1128 gnaros
563 1045 680 1108 maris.
733 1043 821 1110 Post
835 1044 934 1129 cujus
954 1038 1160 1109 ¹discessum
1174 1045 1306 1109 fractus
1324 1052 1378 1109 est

423 1165 531 1230 pons3
564 1144 817 1228 impeditusque
846 1144 1033 1227 plurimum
1061 1143 1184 1208 fuisset
1210 1145 1377 1209 transitus

424 1246 695 1328 peregrinorum,
722 1244 788 1308 nisi
815 1262 878 1308 rex
905 1243 1077 1310 Ricardus
1107 1243 1246 1308 fecisset
1270 1246 1378 1310 citato

424 1364 528 1428 opere
551 1363 596 1408 ex
619 1344 751 1428 cymbis
773 1345 921 1409 invicem
937 1331 1072 1409 fortiter
1094 1343 1267 1425 colligatis
1289 1365 1376 1427 pon-

424 1453 506 1522 tem,
521 1445 656 1528 qualem
673 1445 883 1526 suggerebat
895 1443 1075 1508 imminens
1089 1443 1276 1508 necessitas
1291 1463 1378 1527 pree·

263 1579 380 1620 suenrus.
424 1546 553 1628 parari.
604 1543 693 1608 Post
716 1543 822 1608 tridui
843 1562 927 1610 vero
950 1563 1080 1608 moram
1107 1563 1169 1606 rex
1193 1543 1379 1622 Ricardus,

264 1629 403 1720 :gqqume
425 1645 468 1709 de
501 1643 671 1725 Lugduno
708 1643 896 1726 profectus,
927 1663 1049 1708 versus
1081 1643 1276 1708 Marsiliam
1313 1645 1379 1708 iter

426 1762 525 1808 snum
548 1743 696 1821 direxit3
720 1744 780 1807 ubi
806 1744 861 1808 die
881 1744 1042 1826 proxima
1057 1750 1138 1826 post
1160 1742 1287 1807 festum
1309 1744 1378 1809 As·

426 1843 632 1926 sumptionis
646 1844 759 1907 beatae
770 1843 913 1925 virginis
929 1843 1053 1907 Mariae
1069 1861 1175 1907 naves
1192 1843 1380 1926 ingressus,

426 1943 561 2006 diutina
577 1943 812 2023 navigatione,
828 1943 872 2007 ad
890 1943 1091 2007 Messanam
1107 1943 1282 2008 civitatem
1301 1963 1379 2026 per-

428 2043 522 2108 venit
543 2043 637 2128 circa
658 2042 784 2108 festum
807 2043 990 2109 Michaelis
1012 2043 1234 2124 archangeli3
1262 2044 1322 2107 ubi
1344 2051 1379 2108 et

426 2143 573 2206 classem
590 2162 701 2219 suam,
722 2162 799 2225 quae
816 2163 838 2206 a
854 2144 971 2208 littore
986 2143 1190 2208 Britannico
1206 2151 1380 2225 promota,

426 2262 591 2325 prospero
606 2261 708 2308 cursu
725 2251 760 2308 et
778 2244 914 2324 agmine
931 2243 1154 2326 inseparabili
1169 2243 1379 2327 procellosas

426 2340 555 2408 Africae
569 2342 720 2407 evadens
735 2343 928 2424 angustias,
943 2350 1111 2426 tanquam
1126 2343 1162 2406 in
1177 2344 1379 2426 obsequium

427 2443 665 2523 navigantium
684 2443 795 2508 ventis
813 2443 1014 2527 conjuratis,
1033 2449 1188 2526 optatam
1205 2443 1380 2507 Messanae

428 2543 645 2626 applicuerat
661 2543 705 2607 ad
724 2550 875 2626 portum,
894 2543 1027 2607 invenit
1043 2561 1081 2606 se
1098 2549 1137 2606 ut
1154 2543 1380 2608 mandaverat

427 2641 698 2722 praestolantem.
750 2642 885 2724 Regem
905 2660 987 2707 vero
1001 2642 1141 2725 Angliee
1163 2663 1225 2725 per
1247 2643 1380 2725 aliquot

428 2740 501 2802 dies
519 2749 735 2821 praevenerat
751 2762 814 2806 rex
831 2742 1057 2808 Francorum.

262 2859 413 2920 elatustum
480 2838 566 2902 Cum
583 2849 700 2906 autem
714 2841 884 2923 indigenae
901 2843 968 2907 loci
985 2842 1078 2906 illius
1098 2842 1288 2924 peregrinis
1306 2863 1379 2907 mo·

262 2910 364 2959 inm*
426 2937 505 3001 lesti
537 2947 665 3017 essent,
693 2949 728 3004 et
759 2961 822 3022 pro
856 2943 1082 3006 resarciendis
1113 2942 1250 3026 injuriis
1281 2963 1381 3025 reges

426 3036 684 3119 alloquerentur
701 3041 911 3124 justitiarios
935 3043 1027 3124 regis
1050 3035 1202 3118 sicilie?
1233 3044 1378 3124 contigit

427 3143 466 3200 ut
496 3137 589 3202 cives
615 3140 754 3221 quidam
785 3142 915 3223 egressi
941 3142 1095 3205 homines
1121 3143 1212 3224 regis
1241 3140 1379 3223 Angliae

428 3237 647 3317 perimerent,
674 3248 709 3303 et
732 3241 857 3304 nobilis
888 3241 953 3305 viri
977 3241 1141 3322 Hugonis
1169 3235 1284 3305 ³an
1305 3249 1380 3306 ten-

427 3337 517 3400 toria
546 3338 762 3417 invadentes,
794 3339 1017 3423 pertinaciter
1048 3341 1246 3405 insisterent
1279 3341 1377 3405 dimi-

426 3435 557 3502 cando:
593 3457 738 3520 quorum
765 3447 930 3521 satagens
958 3460 1020 3504 rex
1048 3441 1220 3505 Ricardus
1247 3442 1379 3506 animos

426 3536 540 3599 verbis
572 3538 735 3615 emollire,
763 3547 799 3604 et
826 3560 848 3604 a
870 3540 1006 3605 saevitia
1034 3560 1263 3622 compescere,
1294 3541 1378 3604 nihil

426 3635 592 3716 profecit3
616 3638 677 3701 sed
692 3639 965 3704 contumaciores
983 3642 1171 3722 experitur,
1191 3660 1229 3704 se
1247 3648 1283 3704 et
1297 3660 1379 3706 suos

426 3736 619 3817 opprobriis
637 3745 673 3802 et
688 3739 904 3803 contumeliis
920 3739 1142 3805 insectantes.
1183 3741 1380 3825 Exaspera·

426 3839 483 3896 tus
500 3837 618 3918 itaque
636 3856 718 3902 suos
735 3841 861 3922 ubique
879 3841 1005 3903 armari
1015 3840 1133 3924 jussit,
1147 3832 1239 3905 4cum
1254 3842 1379 3923 quibus

424 3983 429 3989 Ι
462 4006 742 4072 ¹‘transitum3’D'A.
954 4011 1077 4063 '‘Bruni
1087 4011 1106 4078 ;'
1118 4015 1158 4066 M.

461 4075 612 4144 'Tenered,
629 4083 687 4131 who
711 4084 825 4145 usurped
848 4084 890 4133 the

425 4147 512 4197 throne
529 4164 561 4198 on
578 4151 620 4200 the
639 4153 715 4202 death
732 4155 762 4202 ol
777 4154 888 4204 William
952 4154 961 4184 ⁴
980 4149 1079 4214 ‘oum;'
1105 4154 1218 4216 wanting
1240 4155 1266 4201 in
1289 4150 1378 4203 D’A.:

423 4219 466 4266 the
489 4219 573 4282 Good,
595 4237 650 4270 was
672 4223 714 4272 the
737 4224 841 4273 bastard
865 4225 894 4272 ol
914 4224 993 4272 ‘cum
1011 4225 1105 4285 quibus
1125 4226 1223 4286 etipse
1243 4220 1377 4286 armatus3'

423 4288 465 4336 the
478 4289 559 4339 eldest
572 4305 616 4340 son
628 4291 657 4340 oi
667 4293 752 4355 Roget
763 4295 801 4342 II.
914 4295 954 4342 M.
