3180 5026
606 503 788 552 ansanus,
1129 493 1173 555 55

213 661 278 745 jici
300 669 428 744 potest,
456 679 547 724 unus
572 680 743 726 annorum
770 661 978 745 quindecim,
1003 665 1093 729 alius
1114 666 1171 729 tri-

218 763 330 842 ginta,
363 761 488 826 tertius
517 763 704 842 sexaginta
736 781 812 826 esse
841 763 986 828 videtur.
1039 765 1170 830 Beatus

216 869 334 926 autem
358 856 594 942 ¹Eustorgius,
619 861 710 925 douo
735 862 914 945 cujusdam
940 864 1170 946 imperatoris,

216 963 261 1026 de
276 960 579 1043 Constantinopoli
598 953 611 991 ²
617 980 659 1026 ea
680 961 916 1027 Mediolanum
933 965 1170 1042 transtulerat,

217 1081 295 1125 cum
321 1062 470 1144 quadam
499 1079 630 1137 mensa,
658 1054 729 1126 ³cui
760 1061 978 1146 superposita
1000 1073 1110 1142 eraut,
1134 1065 1171 1129 in

218 1161 368 1244 quodam
387 1159 546 1226 vehiculo
563 1180 685 1243 parvo,
702 1162 795 1243 quod
818 1162 895 1226 duae
917 1182 1033 1228 vaccae
1052 1165 1171 1228 divina

217 1262 347 1326 virtute
364 1268 399 1326 et
416 1260 598 1325 voluntate
611 1261 806 1326 trahebant.
859 1262 1056 1328 Transtulit
1066 1265 1169 1329 etiam

217 1361 385 1444 praefatus
412 1360 606 1425 Rainaldus
629 1361 756 1425 exinde
786 1380 932 1444 corpora
957 1364 1068 1427 beatae
1095 1362 1170 1427 Va·

217 1461 314 1524 leriae
336 1460 510 1543 martyris,
532 1468 732 1525 sanctorum
747 1468 939 1544 martyrum
956 1461 1116 1527 Gervasii
1134 1470 1170 1527 et

219 1560 384 1638 Protasii,
401 1566 436 1624 et
451 1567 557 1643 caput
575 1561 726 1625 Nahoris
741 1562 914 1643 martyris·

272 1659 447 1724 Henricus
463 1659 657 1742 Auglorum
676 1680 738 1724 rex
763 1661 942 1725 ecclesiam
959 1662 1071 1724 heatae
1090 1660 1169 1724 Ma·
1183 1674 1307 1716 Doricum

218 1760 280 1824 rra
309 1759 351 1823 de
379 1753 572 1842 *Redingia
600 1761 752 1824 dedicari
780 1761 873 1839 fecit,
900 1768 936 1825 et
961 1768 1168 1825 conventum
1183 1725 1323 1815 attus

218 1859 465 1924 monachorum
493 1855 691 1925 solemniter
717 1862 929 1943 procuravit,
956 1861 1038 1925 data
1060 1862 1169 1925 eidem
1184 1826 1286 1876 mm

218 1960 375 2024 ecclesiae
391 1960 472 2024 dote
495 1980 563 2024 nou
578 1980 700 2044 parra.
753 1960 972 2039 Hamelinus,
990 1961 1097 2025 frater
1112 1980 1171 2024 ua-

218 2060 343 2123 turalis
367 2060 458 2140 regis
482 2060 640 2137 Heurici,
667 2060 769 2126 duxit
791 2061 1003 2125 comitissam
1024 2061 1067 2124 de
1085 2061 1170 2134 Wa÷

218 2179 340 2234 renna,
358 2159 513 2225 relictam
530 2160 696 2225 Willelmi
713 2160 885 2243 quondam
907 2161 1042 2225 comitis
1062 2160 1171 2224 Mori-

219 2261 320 2335 tonii,
334 2259 396 2322 filii
410 2260 502 2342 regis
520 2259 699 2343 Stephani.
751 2259 856 2324 Hanc
878 2261 1089 2325 comitissam
1111 2279 1171 2342 ge·

220 2366 345 2423 nuerat
361 2358 558 2424 Willelmus
575 2361 697 2424 tertius
715 2378 829 2424 comes
846 2360 888 2424 de
906 2360 1096 2436 warenna,
1113 2361 1171 2442 qui

219 2479 298 2522 cum
317 2480 399 2541 rege
417 2459 593 2524 Lodovico
610 2467 812 2542 perrexerat
824 2458 1031 2536 Jerusalem,
1053 2466 1089 2522 et
1108 2459 1172 2522 ihi-

221 2560 299 2623 dem
330 2559 427 2637 ohiit,
453 2560 574 2624 relicta
601 2560 670 2624 ista
700 2561 877 2625 comitissa
904 2559 1006 2622 unica
1036 2558 1108 2622 filia
1136 2565 1173 2623 et

219 2659 356 2723 herede.
408 2659 623 2724 Octavianus
648 2659 888 2724 schismaticus
917 2659 1008 2741 apud
1041 2658 1171 2722 Lucam

220 2759 398 2824 civitatem
431 2759 528 2836 obiit,
562 2759 618 2824 cui
648 2760 684 2822 iu
717 2759 837 2823 eodem
864 2779 979 2824 errore
1005 2759 1172 2822 successit

221 2859 339 2924 Guido
354 2855 578 2937 ⁶Cremensis,
593 2859 706 2923 dictus
725 2857 906 2922 Paschalis
923 2859 1057 2923 tertius.

274 2959 399 3023 Comes
423 2953 666 3024 ⁶Carnotensis
692 2957 914 3022 Theobaldus
941 2958 1043 3021 duxit
1065 2957 1171 3021 liliam
1184 2970 1259 3061 yffi

222 3059 390 3123 Lodovici
412 3058 503 3140 regis
532 3059 757 3135 Francorum,
780 3066 816 3122 et
842 3057 920 3122 ideo
946 3058 1116 3122 concessit
1140 3059 1172 3121 ei
1259 3049 1265 3060 '

222 3179 286 3222 rex
310 3159 539 3241 dapiferatum
568 3159 738 3236 Franciae,
765 3178 866 3240 quem
893 3159 1036 3221 comites
1058 3156 1172 3222 Ande

221 3277 391 3340 gavenses
410 3259 601 3340 antiquitus
619 3255 745 3323 hahere
760 3258 927 3321 solebant.
980 3257 1172 3339 Postquam

224 3358 430 3422 Fredericus
463 3359 651 3440 imperator
683 3356 928 3421 Lumhardiam
959 3356 1025 3419 sihi
1056 3355 1173 3419 subdi-

223 3458 334 3534 derat,
352 3458 540 3540 fiscumque
558 3457 690 3538 regium
705 3458 741 3520 in
758 3456 878 3521 eodem
894 3475 1001 3537 regno
1017 3455 1060 3518 ad
1075 3455 1175 3536 quin-

223 3557 394 3641 quaginta
427 3557 536 3620 millia
569 3576 761 3620 marcarum
776 3631 779 3638 ¹
795 3560 1003 3638 reparasset,
1034 3560 1069 3617 et
1102 3562 1174 3617 tam

220 3657 398 3744 indigenis
412 3675 515 3739 quam
537 3656 728 3739 peregrinis
746 3674 866 3738 pacem
888 3653 1013 3718 ibidem
1035 3653 1175 3716 reform-

223 3763 331 3833 asset,
361 3757 485 3820 iterum
507 3755 650 3820 Verona
668 3762 704 3819 et
725 3757 885 3820 civitates
912 3753 1071 3837 quaedam
1099 3752 1178 3817 aliae

262 3959 270 3992 ¹
282 3964 451 4025 ‘Eustrogius
458 3964 476 4026 ;’
487 3965 607 4014 Maetnr.
629 3965 692 4012 Pro·
751 3960 761 3990 ⁴
777 3956 937 4025 ‘Redingaf
950 3961 1018 4011 D'A.

225 4034 300 4096 perly
318 4034 482 4098 Eustochius,
499 4035 558 4084 who
576 4034 645 4083 lived
665 4035 691 4082 in
753 4031 961 4082 “Tremensis’
975 4027 1043 4080 n’l.

225 4105 269 4152 the
281 4103 336 4152 fifth
348 4109 463 4164 centrrry.
750 4096 980 4164 “Caructeusis3’
1016 4099 1077 4150 Ms.
1115 4099 1180 4161 ch.
1236 4163 1241 4172 .

261 4170 443 4232 ²‘ad3’D'A.
719 4174 817 4222 Osca:
836 4172 1018 4222 ‘Carnocensis
1027 4171 1045 4231 ;'
1055 4171 1094 4219 M.
1105 4169 1180 4218 etAr.

261 4241 404 4292 ³0mitted
421 4245 448 4293 iu
468 4240 552 4307 h’A.;
579 4244 587 4273 ‘
599 4259 692 4306 suppo·
716 4243 770 4292 The
791 4243 863 4292 word
884 4243 910 4291 in
933 4242 974 4291 the
996 4245 1051 4290 text
1072 4241 1095 4288 is
1117 4237 1180 4287 from

223 4313 302 4372 *sitas
313 4314 352 4361 M.
372 4327 375 4332 ·
718 4308 785 4362 D'A.
