<?xml version="1.0" encoding="UTF-8"?>
<!DOCTYPE html PUBLIC "-//W3C//DTD XHTML 1.0 Transitional//EN"
    "http://www.w3.org/TR/xhtml1/DTD/xhtml1-transitional.dtd">
<html xmlns="http://www.w3.org/1999/xhtml" xml:lang="en" lang="en">
 <head>
  <title>
</title>
<meta http-equiv="Content-Type" content="text/html;charset=utf-8" />
  <meta name='ocr-system' content='tesseract 3.04.00' />
  <meta name='ocr-capabilities' content='ocr_page ocr_carea ocr_par ocr_line ocrx_word'/>
</head>
<body>
  <div class='ocr_page' id='page_1' title='image "./fnicholaitrivet00socigoog/fnicholaitrivet00socigoog_0428.png"; bbox 0 0 3170 5020; ppageno 0'>
   <div class='ocr_carea' id='block_1_1' title="bbox 443 468 1046 536">
    <p class='ocr_par' dir='ltr' id='par_1_1' title="bbox 443 468 1046 536">
     <span class='ocr_line' id='line_1_1' title="bbox 443 468 1046 536; baseline -0.002 -2"><span class='ocrx_word' id='word_1_1' title='bbox 443 468 510 534; x_wconf 76' lang='lat'>394</span> <span class='ocrx_word' id='word_1_2' title='bbox 810 487 884 534; x_wconf 81' lang='lat' dir='ltr'>urc.</span> <span class='ocrx_word' id='word_1_3' title='bbox 899 487 1046 536; x_wconf 82' lang='lat' dir='ltr'>rn1vnr1</span> 
     </span>
    </p>
   </div>
   <div class='ocr_carea' id='block_1_2' title="bbox 282 635 1397 724">
    <p class='ocr_par' dir='ltr' id='par_1_2' title="bbox 282 635 1397 724">
     <span class='ocr_line' id='line_1_2' title="bbox 282 635 1397 724; baseline 0.005 -25"><span class='ocrx_word' id='word_1_4' title='bbox 282 659 418 700; x_wconf 64' lang='lat' dir='ltr'>melmun</span> <span class='ocrx_word' id='word_1_5' title='bbox 445 643 540 707; x_wconf 88' lang='lat' dir='ltr'>ribus</span> <span class='ocrx_word' id='word_1_6' title='bbox 570 640 854 724; x_wconf 82' lang='lat' dir='ltr'>irrefragabiliter</span> <span class='ocrx_word' id='word_1_7' title='bbox 884 635 1106 718; x_wconf 83' lang='lat' dir='ltr'>¹observatae,</span> <span class='ocrx_word' id='word_1_8' title='bbox 1133 640 1397 722; x_wconf 88' lang='lat' dir='ltr'>responderunt,</span> 
     </span>
    </p>
   </div>
   <div class='ocr_carea' id='block_1_3' title="bbox 282 721 365 750">
    <p class='ocr_par' dir='ltr' id='par_1_3' title="bbox 282 721 365 750">
     <span class='ocr_line' id='line_1_3' title="bbox 282 721 365 750; baseline -0.012 0"><span class='ocrx_word' id='word_1_9' title='bbox 282 721 365 750; x_wconf 64' lang='lat' dir='ltr'>remoll-</span> 
     </span>
    </p>
   </div>
   <div class='ocr_carea' id='block_1_4' title="bbox 283 741 923 824">
    <p class='ocr_par' dir='ltr' id='par_1_4' title="bbox 283 741 923 824">
     <span class='ocr_line' id='line_1_4' title="bbox 283 741 923 824; baseline 0.006 -22"><span class='ocrx_word' id='word_1_10' title='bbox 283 765 374 802; x_wconf 54' lang='grc' dir='ltr'>κηποι.</span> <span class='ocrx_word' id='word_1_11' title='bbox 445 749 508 806; x_wconf 90' lang='lat' dir='ltr'>aut</span> <span class='ocrx_word' id='word_1_12' title='bbox 519 741 725 824; x_wconf 90' lang='lat' dir='ltr'>respondere</span> <span class='ocrx_word' id='word_1_13' title='bbox 741 741 923 806; x_wconf 82' lang='lat' dir='ltr'>debebant.</span> 
     </span>
    </p>
   </div>
   <div class='ocr_carea' id='block_1_5' title="bbox 438 839 1413 4107">
    <p class='ocr_par' dir='ltr' id='par_1_5' title="bbox 438 839 1413 4107">
     <span class='ocr_line' id='line_1_5' title="bbox 491 839 1396 906; baseline -0.002 0"><span class='ocrx_word' id='word_1_14' title='bbox 491 848 507 886; x_wconf 57' lang='lat'>=‘</span> <span class='ocrx_word' id='word_1_15' title='bbox 521 841 622 906; x_wconf 88' lang='lat' dir='ltr'>Unde</span> <span class='ocrx_word' id='word_1_16' title='bbox 655 841 773 906; x_wconf 92' lang='lat' dir='ltr'>habito</span> <span class='ocrx_word' id='word_1_17' title='bbox 800 847 953 906; x_wconf 91' lang='lat' dir='ltr'>tractatu</span> <span class='ocrx_word' id='word_1_18' title='bbox 984 849 1020 904; x_wconf 86' lang='lat' dir='ltr'>et</span> <span class='ocrx_word' id='word_1_19' title='bbox 1041 839 1287 905; x_wconf 82' lang='lat' dir='ltr'>deliberatione</span> <span class='ocrx_word' id='word_1_20' title='bbox 1320 840 1396 904; x_wconf 90' lang='lat' dir='ltr'>dili-</span> 
     </span>
     <span class='ocr_line' id='line_1_6' title="bbox 447 939 1396 1024; baseline -0.002 -18"><span class='ocrx_word' id='word_1_21' title='bbox 447 942 544 1024; x_wconf 83' lang='lat' dir='ltr'>genti</span> <span class='ocrx_word' id='word_1_22' title='bbox 570 960 674 1024; x_wconf 89' lang='lat' dir='ltr'>super</span> <span class='ocrx_word' id='word_1_23' title='bbox 702 942 875 1005; x_wconf 90' lang='lat' dir='ltr'>contentis</span> <span class='ocrx_word' id='word_1_24' title='bbox 901 942 938 1004; x_wconf 92' lang='lat' dir='ltr'>in</span> <span class='ocrx_word' id='word_1_25' title='bbox 966 939 1092 1004; x_wconf 87' lang='lat' dir='ltr'>litteris</span> <span class='ocrx_word' id='word_1_26' title='bbox 1118 940 1244 1005; x_wconf 84' lang='lat' dir='ltr'>vestris</span> <span class='ocrx_word' id='word_1_27' title='bbox 1267 960 1396 1004; x_wconf 91' lang='lat' dir='ltr'>memo-</span> 
     </span>
     <span class='ocr_line' id='line_1_7' title="bbox 446 1039 1396 1118; baseline -0.003 -13"><span class='ocrx_word' id='word_1_28' title='bbox 446 1041 545 1118; x_wconf 87' lang='lat' dir='ltr'>ratis,</span> <span class='ocrx_word' id='word_1_29' title='bbox 575 1041 777 1118; x_wconf 88' lang='lat' dir='ltr'>communis,</span> <span class='ocrx_word' id='word_1_30' title='bbox 800 1059 955 1117; x_wconf 89' lang='lat' dir='ltr'>concors,</span> <span class='ocrx_word' id='word_1_31' title='bbox 982 1047 1018 1104; x_wconf 93' lang='lat' dir='ltr'>et</span> <span class='ocrx_word' id='word_1_32' title='bbox 1044 1039 1217 1103; x_wconf 85' lang='lat' dir='ltr'>unanimis</span> <span class='ocrx_word' id='word_1_33' title='bbox 1241 1040 1396 1104; x_wconf 90' lang='lat' dir='ltr'>omnium</span> 
     </span>
     <span class='ocr_line' id='line_1_8' title="bbox 446 1138 1397 1222; baseline 0.001 -18"><span class='ocrx_word' id='word_1_34' title='bbox 446 1148 642 1205; x_wconf 87' lang='lat' dir='ltr'>nostrorum</span> <span class='ocrx_word' id='word_1_35' title='bbox 667 1147 703 1205; x_wconf 90' lang='lat' dir='ltr'>et</span> <span class='ocrx_word' id='word_1_36' title='bbox 725 1140 940 1222; x_wconf 86' lang='lat' dir='ltr'>singulorum</span> <span class='ocrx_word' id='word_1_37' title='bbox 961 1157 1149 1204; x_wconf 88' lang='lat' dir='ltr'>consensus</span> <span class='ocrx_word' id='word_1_38' title='bbox 1170 1138 1245 1216; x_wconf 83' lang='lat' dir='ltr'>fuit,</span> <span class='ocrx_word' id='word_1_39' title='bbox 1268 1147 1332 1215; x_wconf 86' lang='lat' dir='ltr'>est,</span> <span class='ocrx_word' id='word_1_40' title='bbox 1359 1147 1397 1206; x_wconf 89' lang='lat' dir='ltr'>et</span> 
     </span>
     <span class='ocr_line' id='line_1_9' title="bbox 446 1239 1394 1323; baseline -0.001 -19"><span class='ocrx_word' id='word_1_41' title='bbox 446 1242 512 1304; x_wconf 89' lang='lat' dir='ltr'>erit</span> <span class='ocrx_word' id='word_1_42' title='bbox 534 1241 747 1318; x_wconf 86' lang='lat' dir='ltr'>inconcusse,</span> <span class='ocrx_word' id='word_1_43' title='bbox 770 1240 850 1304; x_wconf 83' lang='lat' dir='ltr'>Duo</span> <span class='ocrx_word' id='word_1_44' title='bbox 871 1240 1033 1323; x_wconf 88' lang='lat' dir='ltr'>propitio,</span> <span class='ocrx_word' id='word_1_45' title='bbox 1058 1239 1095 1302; x_wconf 91' lang='lat' dir='ltr'>in</span> <span class='ocrx_word' id='word_1_46' title='bbox 1118 1239 1282 1316; x_wconf 85' lang='lat' dir='ltr'>futurum,</span> <span class='ocrx_word' id='word_1_47' title='bbox 1300 1240 1394 1321; x_wconf 91' lang='lat' dir='ltr'>qnod</span> 
     </span>
     <span class='ocr_line' id='line_1_10' title="bbox 445 1338 1396 1422; baseline -0.001 -19"><span class='ocrx_word' id='word_1_48' title='bbox 445 1340 611 1422; x_wconf 87' lang='lat' dir='ltr'>praefatus</span> <span class='ocrx_word' id='word_1_49' title='bbox 628 1339 786 1404; x_wconf 88' lang='lat' dir='ltr'>dominus</span> <span class='ocrx_word' id='word_1_50' title='bbox 807 1348 924 1404; x_wconf 87' lang='lat' dir='ltr'>noster</span> <span class='ocrx_word' id='word_1_51' title='bbox 940 1358 1004 1402; x_wconf 86' lang='lat' dir='ltr'>rex</span> <span class='ocrx_word' id='word_1_52' title='bbox 1026 1357 1131 1421; x_wconf 89' lang='lat' dir='ltr'>super</span> <span class='ocrx_word' id='word_1_53' title='bbox 1142 1338 1280 1422; x_wconf 89' lang='lat' dir='ltr'>juribus</span> <span class='ocrx_word' id='word_1_54' title='bbox 1297 1339 1396 1421; x_wconf 80' lang='lat' dir='ltr'>regni</span> 
     </span>
     <span class='ocr_line' id='line_1_11' title="bbox 447 1437 1395 1521; baseline -0.001 -19"><span class='ocrx_word' id='word_1_55' title='bbox 447 1439 585 1516; x_wconf 89' lang='lat' dir='ltr'>Scotiae,</span> <span class='ocrx_word' id='word_1_56' title='bbox 611 1447 673 1504; x_wconf 88' lang='lat' dir='ltr'>aut</span> <span class='ocrx_word' id='word_1_57' title='bbox 700 1439 777 1503; x_wconf 91' lang='lat' dir='ltr'>aliis</span> <span class='ocrx_word' id='word_1_58' title='bbox 806 1441 878 1503; x_wconf 89' lang='lat' dir='ltr'>suis</span> <span class='ocrx_word' id='word_1_59' title='bbox 910 1439 1168 1521; x_wconf 75' lang='lat' dir='ltr'>temporalibus,</span> <span class='ocrx_word' id='word_1_60' title='bbox 1197 1437 1395 1503; x_wconf 91' lang='lat' dir='ltr'>nullatenus</span> 
     </span>
     <span class='ocr_line' id='line_1_12' title="bbox 446 1528 1396 1622; baseline 0 -21"><span class='ocrx_word' id='word_1_61' title='bbox 446 1528 653 1622; x_wconf 84' lang='lat' dir='ltr'>respondeat</span> <span class='ocrx_word' id='word_1_62' title='bbox 675 1538 888 1622; x_wconf 87' lang='lat' dir='ltr'>judicialiter</span> <span class='ocrx_word' id='word_1_63' title='bbox 916 1557 1032 1602; x_wconf 88' lang='lat' dir='ltr'>coram</span> <span class='ocrx_word' id='word_1_64' title='bbox 1066 1538 1175 1615; x_wconf 87' lang='lat' dir='ltr'>vobis,</span> <span class='ocrx_word' id='word_1_65' title='bbox 1209 1556 1273 1600; x_wconf 87' lang='lat' dir='ltr'>nac</span> <span class='ocrx_word' id='word_1_66' title='bbox 1300 1538 1396 1621; x_wconf 90' lang='lat' dir='ltr'>judi-</span> 
     </span>
     <span class='ocr_line' id='line_1_13' title="bbox 444 1637 1393 1721; baseline -0.003 -19"><span class='ocrx_word' id='word_1_67' title='bbox 444 1638 536 1702; x_wconf 92' lang='lat' dir='ltr'>cium</span> <span class='ocrx_word' id='word_1_68' title='bbox 561 1639 685 1703; x_wconf 90' lang='lat' dir='ltr'>subeat</span> <span class='ocrx_word' id='word_1_69' title='bbox 712 1657 853 1721; x_wconf 92' lang='lat' dir='ltr'>quoquo</span> <span class='ocrx_word' id='word_1_70' title='bbox 879 1637 993 1714; x_wconf 93' lang='lat' dir='ltr'>modo,</span> <span class='ocrx_word' id='word_1_71' title='bbox 1019 1645 1081 1701; x_wconf 88' lang='lat' dir='ltr'>aut</span> <span class='ocrx_word' id='word_1_72' title='bbox 1104 1637 1187 1720; x_wconf 87' lang='lat' dir='ltr'>jura</span> <span class='ocrx_word' id='word_1_73' title='bbox 1209 1656 1274 1700; x_wconf 88' lang='lat' dir='ltr'>sua</span> <span class='ocrx_word' id='word_1_74' title='bbox 1303 1657 1393 1720; x_wconf 92' lang='lat' dir='ltr'>prae·</span> 
     </span>
     <span class='ocr_line' id='line_1_14' title="bbox 444 1735 1393 1820; baseline -0.001 -19"><span class='ocrx_word' id='word_1_75' title='bbox 444 1738 538 1802; x_wconf 91' lang='lat' dir='ltr'>dicta</span> <span class='ocrx_word' id='word_1_76' title='bbox 554 1737 590 1800; x_wconf 92' lang='lat' dir='ltr'>in</span> <span class='ocrx_word' id='word_1_77' title='bbox 607 1738 748 1802; x_wconf 92' lang='lat' dir='ltr'>dubium</span> <span class='ocrx_word' id='word_1_78' title='bbox 763 1738 966 1820; x_wconf 74' lang='lat' dir='ltr'>quaestionis</span> <span class='ocrx_word' id='word_1_79' title='bbox 980 1735 1140 1812; x_wconf 91' lang='lat' dir='ltr'>deducat,</span> <span class='ocrx_word' id='word_1_80' title='bbox 1161 1755 1224 1800; x_wconf 91' lang='lat' dir='ltr'>neo</span> <span class='ocrx_word' id='word_1_81' title='bbox 1241 1735 1285 1800; x_wconf 92' lang='lat' dir='ltr'>ad</span> <span class='ocrx_word' id='word_1_82' title='bbox 1306 1757 1393 1818; x_wconf 87' lang='lat' dir='ltr'>prae·</span> 
     </span>
     <span class='ocr_line' id='line_1_15' title="bbox 444 1835 1393 1917; baseline 0 -17"><span class='ocrx_word' id='word_1_83' title='bbox 444 1838 591 1901; x_wconf 89' lang='lat' dir='ltr'>sentiam</span> <span class='ocrx_word' id='word_1_84' title='bbox 606 1844 757 1901; x_wconf 85' lang='lat' dir='ltr'>vestram</span> <span class='ocrx_word' id='word_1_85' title='bbox 776 1844 1017 1917; x_wconf 82' lang='lat' dir='ltr'>procuratores</span> <span class='ocrx_word' id='word_1_86' title='bbox 1035 1842 1096 1900; x_wconf 93' lang='lat' dir='ltr'>aut</span> <span class='ocrx_word' id='word_1_87' title='bbox 1109 1835 1249 1900; x_wconf 91' lang='lat' dir='ltr'>nuntios</span> <span class='ocrx_word' id='word_1_88' title='bbox 1265 1836 1309 1899; x_wconf 92' lang='lat' dir='ltr'>ad</span> <span class='ocrx_word' id='word_1_89' title='bbox 1326 1835 1393 1900; x_wconf 93' lang='lat' dir='ltr'>hoc</span> 
     </span>
     <span class='ocr_line' id='line_1_16' title="bbox 444 1935 1394 2018; baseline 0.001 -20"><span class='ocrx_word' id='word_1_90' title='bbox 444 1937 583 2014; x_wconf 83' lang='lat' dir='ltr'>mittat3</span> <span class='ocrx_word' id='word_1_91' title='bbox 626 1937 800 2018; x_wconf 85' lang='lat' dir='ltr'>praecipue</span> <span class='ocrx_word' id='word_1_92' title='bbox 831 1955 909 2000; x_wconf 92' lang='lat' dir='ltr'>cum</span> <span class='ocrx_word' id='word_1_93' title='bbox 932 1935 1113 2018; x_wconf 88' lang='lat' dir='ltr'>praemissa</span> <span class='ocrx_word' id='word_1_94' title='bbox 1140 1935 1299 1999; x_wconf 89' lang='lat' dir='ltr'>cederent</span> <span class='ocrx_word' id='word_1_95' title='bbox 1321 1955 1394 1999; x_wconf 90' lang='lat' dir='ltr'>ma-</span> 
     </span>
     <span class='ocr_line' id='line_1_17' title="bbox 444 2033 1392 2118; baseline 0 -20"><span class='ocrx_word' id='word_1_96' title='bbox 444 2035 568 2100; x_wconf 81' lang='lat' dir='ltr'>nifeste</span> <span class='ocrx_word' id='word_1_97' title='bbox 599 2035 636 2099; x_wconf 90' lang='lat' dir='ltr'>in</span> <span class='ocrx_word' id='word_1_98' title='bbox 669 2033 970 2099; x_wconf 85' lang='lat' dir='ltr'>exheredationem</span> <span class='ocrx_word' id='word_1_99' title='bbox 1000 2035 1091 2118; x_wconf 90' lang='lat' dir='ltr'>juris</span> <span class='ocrx_word' id='word_1_100' title='bbox 1124 2053 1260 2100; x_wconf 87' lang='lat' dir='ltr'>coronae</span> <span class='ocrx_word' id='word_1_101' title='bbox 1292 2037 1392 2116; x_wconf 83' lang='lat' dir='ltr'>regni</span> 
     </span>
     <span class='ocr_line' id='line_1_18' title="bbox 444 2131 1394 2217; baseline -0.001 -18"><span class='ocrx_word' id='word_1_102' title='bbox 444 2131 596 2217; x_wconf 81' lang='lat' dir='ltr'>Angliae,</span> <span class='ocrx_word' id='word_1_103' title='bbox 622 2141 657 2199; x_wconf 92' lang='lat' dir='ltr'>et</span> <span class='ocrx_word' id='word_1_104' title='bbox 678 2135 783 2216; x_wconf 82' lang='lat' dir='ltr'>regiae</span> <span class='ocrx_word' id='word_1_105' title='bbox 804 2135 996 2216; x_wconf 84' lang='lat' dir='ltr'>dignitatis,</span> <span class='ocrx_word' id='word_1_106' title='bbox 1019 2153 1060 2198; x_wconf 96' lang='lat' dir='ltr'>ac</span> <span class='ocrx_word' id='word_1_107' title='bbox 1080 2134 1117 2196; x_wconf 91' lang='lat' dir='ltr'>in</span> <span class='ocrx_word' id='word_1_108' title='bbox 1137 2133 1394 2199; x_wconf 84' lang='lat' dir='ltr'>subversionem</span> 
     </span>
     <span class='ocr_line' id='line_1_19' title="bbox 444 2233 1393 2318; baseline -0.001 -19"><span class='ocrx_word' id='word_1_109' title='bbox 444 2242 557 2299; x_wconf 88' lang='lat' dir='ltr'>status</span> <span class='ocrx_word' id='word_1_110' title='bbox 580 2234 732 2318; x_wconf 88' lang='lat' dir='ltr'>ejusdem</span> <span class='ocrx_word' id='word_1_111' title='bbox 753 2236 852 2316; x_wconf 82' lang='lat' dir='ltr'>regni</span> <span class='ocrx_word' id='word_1_112' title='bbox 874 2233 1056 2310; x_wconf 90' lang='lat' dir='ltr'>notoriam,</span> <span class='ocrx_word' id='word_1_113' title='bbox 1083 2253 1146 2298; x_wconf 90' lang='lat' dir='ltr'>nec</span> <span class='ocrx_word' id='word_1_114' title='bbox 1164 2253 1233 2298; x_wconf 92' lang='lat' dir='ltr'>non</span> <span class='ocrx_word' id='word_1_115' title='bbox 1248 2233 1283 2296; x_wconf 94' lang='lat' dir='ltr'>in</span> <span class='ocrx_word' id='word_1_116' title='bbox 1306 2253 1393 2315; x_wconf 88' lang='lat' dir='ltr'>praa-</span> 
     </span>
     <span class='ocr_line' id='line_1_20' title="bbox 438 2331 1393 2418; baseline -0.001 -21"><span class='ocrx_word' id='word_1_117' title='bbox 438 2334 609 2418; x_wconf 88' lang='lat' dir='ltr'>judicium</span> <span class='ocrx_word' id='word_1_118' title='bbox 624 2334 806 2409; x_wconf 90' lang='lat' dir='ltr'>libertatis,</span> <span class='ocrx_word' id='word_1_119' title='bbox 831 2332 1128 2409; x_wconf 88' lang='lat' dir='ltr'>consuetudinum,</span> <span class='ocrx_word' id='word_1_120' title='bbox 1146 2340 1182 2397; x_wconf 88' lang='lat' dir='ltr'>et</span> <span class='ocrx_word' id='word_1_121' title='bbox 1197 2331 1312 2414; x_wconf 84' lang='lat' dir='ltr'>legum</span> <span class='ocrx_word' id='word_1_122' title='bbox 1330 2351 1393 2414; x_wconf 89' lang='lat' dir='ltr'>pa-</span> 
     </span>
     <span class='ocr_line' id='line_1_21' title="bbox 444 2431 1392 2516; baseline -0.006 -16"><span class='ocrx_word' id='word_1_123' title='bbox 444 2442 640 2511; x_wconf 69' lang='lat' dir='ltr'>ternarum</span> <span class='ocrx_word' id='word_1_124' title='bbox 674 2434 717 2496; x_wconf 91' lang='lat' dir='ltr'>ad</span> <span class='ocrx_word' id='word_1_125' title='bbox 744 2451 890 2516; x_wconf 90' lang='lat' dir='ltr'>quarum</span> <span class='ocrx_word' id='word_1_126' title='bbox 916 2433 1192 2497; x_wconf 84' lang='lat' dir='ltr'>observationem</span> <span class='ocrx_word' id='word_1_127' title='bbox 1214 2438 1250 2496; x_wconf 90' lang='lat' dir='ltr'>et</span> <span class='ocrx_word' id='word_1_128' title='bbox 1276 2431 1392 2495; x_wconf 88' lang='lat' dir='ltr'>defen·</span> 
     </span>
     <span class='ocr_line' id='line_1_22' title="bbox 441 2531 1391 2615; baseline -0.003 -18"><span class='ocrx_word' id='word_1_129' title='bbox 441 2535 572 2599; x_wconf 90' lang='lat' dir='ltr'>sionem</span> <span class='ocrx_word' id='word_1_130' title='bbox 597 2552 642 2596; x_wconf 91' lang='lat' dir='ltr'>ex</span> <span class='ocrx_word' id='word_1_131' title='bbox 670 2533 786 2597; x_wconf 90' lang='lat' dir='ltr'>debito</span> <span class='ocrx_word' id='word_1_132' title='bbox 819 2532 966 2615; x_wconf 85' lang='lat' dir='ltr'>praestiti</span> <span class='ocrx_word' id='word_1_133' title='bbox 987 2531 1175 2615; x_wconf 91' lang='lat' dir='ltr'>juramenti</span> <span class='ocrx_word' id='word_1_134' title='bbox 1205 2531 1391 2612; x_wconf 84' lang='lat' dir='ltr'>adstringi·</span> 
     </span>
     <span class='ocr_line' id='line_1_23' title="bbox 442 2631 1393 2714; baseline -0.002 -18"><span class='ocrx_word' id='word_1_135' title='bbox 442 2652 530 2710; x_wconf 88' lang='lat' dir='ltr'>mur,</span> <span class='ocrx_word' id='word_1_136' title='bbox 553 2640 589 2696; x_wconf 91' lang='lat' dir='ltr'>et</span> <span class='ocrx_word' id='word_1_137' title='bbox 611 2651 690 2714; x_wconf 82' lang='lat' dir='ltr'>quae</span> <span class='ocrx_word' id='word_1_138' title='bbox 716 2651 820 2695; x_wconf 91' lang='lat' dir='ltr'>manu</span> <span class='ocrx_word' id='word_1_139' title='bbox 843 2631 1033 2697; x_wconf 90' lang='lat' dir='ltr'>tenebimus</span> <span class='ocrx_word' id='word_1_140' title='bbox 1055 2638 1130 2695; x_wconf 90' lang='lat' dir='ltr'>toto</span> <span class='ocrx_word' id='word_1_141' title='bbox 1158 2650 1273 2712; x_wconf 89' lang='lat' dir='ltr'>posse,</span> <span class='ocrx_word' id='word_1_142' title='bbox 1292 2633 1393 2696; x_wconf 92' lang='lat' dir='ltr'>totis-</span> 
     </span>
     <span class='ocr_line' id='line_1_24' title="bbox 442 2730 1392 2815; baseline -0.003 -18"><span class='ocrx_word' id='word_1_143' title='bbox 442 2752 509 2815; x_wconf 92' lang='lat' dir='ltr'>que</span> <span class='ocrx_word' id='word_1_144' title='bbox 532 2731 662 2797; x_wconf 85' lang='lat' dir='ltr'>viribus</span> <span class='ocrx_word' id='word_1_145' title='bbox 687 2751 764 2795; x_wconf 91' lang='lat' dir='ltr'>cum</span> <span class='ocrx_word' id='word_1_146' title='bbox 783 2731 855 2795; x_wconf 83' lang='lat' dir='ltr'>Dm</span> <span class='ocrx_word' id='word_1_147' title='bbox 876 2730 1008 2794; x_wconf 85' lang='lat' dir='ltr'>auxilio</span> <span class='ocrx_word' id='word_1_148' title='bbox 1030 2730 1262 2794; x_wconf 87' lang='lat' dir='ltr'>defendemus.</span> <span class='ocrx_word' id='word_1_149' title='bbox 1315 2730 1392 2795; x_wconf 92' lang='lat' dir='ltr'>Nec</span> 
     </span>
     <span class='ocr_line' id='line_1_25' title="bbox 442 2829 1392 2912; baseline -0.001 -17"><span class='ocrx_word' id='word_1_150' title='bbox 442 2833 547 2896; x_wconf 89' lang='lat' dir='ltr'>etiam</span> <span class='ocrx_word' id='word_1_151' title='bbox 573 2831 804 2912; x_wconf 90' lang='lat' dir='ltr'>permittimus</span> <span class='ocrx_word' id='word_1_152' title='bbox 830 2838 891 2894; x_wconf 93' lang='lat' dir='ltr'>aut</span> <span class='ocrx_word' id='word_1_153' title='bbox 919 2829 1117 2912; x_wconf 85' lang='lat' dir='ltr'>aliqualiter</span> <span class='ocrx_word' id='word_1_154' title='bbox 1142 2831 1392 2912; x_wconf 89' lang='lat' dir='ltr'>permittemus,</span> 
     </span>
     <span class='ocr_line' id='line_1_26' title="bbox 443 2929 1392 3011; baseline 0.003 -19"><span class='ocrx_word' id='word_1_155' title='bbox 443 2931 533 2993; x_wconf 90' lang='lat' dir='ltr'>sicut</span> <span class='ocrx_word' id='word_1_156' title='bbox 555 2949 617 2993; x_wconf 87' lang='lat' dir='ltr'>nec</span> <span class='ocrx_word' id='word_1_157' title='bbox 637 2948 821 3011; x_wconf 89' lang='lat' dir='ltr'>possumus</span> <span class='ocrx_word' id='word_1_158' title='bbox 842 2949 906 2994; x_wconf 88' lang='lat' dir='ltr'>nec</span> <span class='ocrx_word' id='word_1_159' title='bbox 929 2929 1103 3006; x_wconf 89' lang='lat' dir='ltr'>debemus,</span> <span class='ocrx_word' id='word_1_160' title='bbox 1121 2930 1300 3010; x_wconf 87' lang='lat' dir='ltr'>praemissa</span> <span class='ocrx_word' id='word_1_161' title='bbox 1319 2937 1392 2995; x_wconf 86' lang='lat' dir='ltr'>tam</span> 
     </span>
     <span class='ocr_line' id='line_1_27' title="bbox 442 3028 1392 3112; baseline 0.001 -21"><span class='ocrx_word' id='word_1_162' title='bbox 442 3029 596 3106; x_wconf 87' lang='lat' dir='ltr'>insolita,</span> <span class='ocrx_word' id='word_1_163' title='bbox 623 3028 786 3105; x_wconf 89' lang='lat' dir='ltr'>indebita,</span> <span class='ocrx_word' id='word_1_164' title='bbox 822 3028 1081 3112; x_wconf 75' lang='lat' dir='ltr'>praejudicialis,</span> <span class='ocrx_word' id='word_1_165' title='bbox 1113 3037 1149 3092; x_wconf 95' lang='lat' dir='ltr'>et</span> <span class='ocrx_word' id='word_1_166' title='bbox 1178 3029 1265 3092; x_wconf 89' lang='lat' dir='ltr'>alias</span> <span class='ocrx_word' id='word_1_167' title='bbox 1294 3031 1392 3094; x_wconf 91' lang='lat' dir='ltr'>inau-</span> 
     </span>
     <span class='ocr_line' id='line_1_28' title="bbox 443 3126 1390 3214; baseline 0.001 -22"><span class='ocrx_word' id='word_1_168' title='bbox 443 3126 517 3193; x_wconf 91' lang='lat' dir='ltr'>dita</span> <span class='ocrx_word' id='word_1_169' title='bbox 537 3128 754 3211; x_wconf 90' lang='lat' dir='ltr'>praelibatum</span> <span class='ocrx_word' id='word_1_170' title='bbox 773 3129 948 3194; x_wconf 89' lang='lat' dir='ltr'>dominum</span> <span class='ocrx_word' id='word_1_171' title='bbox 967 3135 1120 3192; x_wconf 90' lang='lat' dir='ltr'>nostrum</span> <span class='ocrx_word' id='word_1_172' title='bbox 1136 3147 1250 3210; x_wconf 85' lang='lat' dir='ltr'>regern</span> <span class='ocrx_word' id='word_1_173' title='bbox 1268 3126 1390 3214; x_wconf 86' lang='lat' dir='ltr'>(etiarn</span> 
     </span>
     <span class='ocr_line' id='line_1_29' title="bbox 443 3225 1390 3313; baseline 0.004 -23"><span class='ocrx_word' id='word_1_174' title='bbox 443 3228 471 3290; x_wconf 90' lang='lat' dir='ltr'>si</span> <span class='ocrx_word' id='word_1_175' title='bbox 501 3225 622 3313; x_wconf 90' lang='lat' dir='ltr'>vellet)</span> <span class='ocrx_word' id='word_1_176' title='bbox 648 3229 772 3306; x_wconf 86' lang='lat' dir='ltr'>facere,</span> <span class='ocrx_word' id='word_1_177' title='bbox 802 3247 863 3292; x_wconf 90' lang='lat' dir='ltr'>seu</span> <span class='ocrx_word' id='word_1_178' title='bbox 896 3228 997 3292; x_wconf 92' lang='lat' dir='ltr'>modo</span> <span class='ocrx_word' id='word_1_179' title='bbox 1026 3226 1180 3309; x_wconf 89' lang='lat' dir='ltr'>quolibet</span> <span class='ocrx_word' id='word_1_180' title='bbox 1206 3237 1390 3294; x_wconf 88' lang='lat' dir='ltr'>attentare.</span> 
     </span>
     <span class='ocr_line' id='line_1_30' title="bbox 443 3326 1393 3405; baseline -0.001 -13"><span class='ocrx_word' id='word_1_181' title='bbox 443 3326 616 3405; x_wconf 82' lang='lat' dir='ltr'>Quocirca</span> <span class='ocrx_word' id='word_1_182' title='bbox 641 3329 820 3394; x_wconf 89' lang='lat' dir='ltr'>sanctitati</span> <span class='ocrx_word' id='word_1_183' title='bbox 847 3335 972 3393; x_wconf 87' lang='lat' dir='ltr'>vestrae</span> <span class='ocrx_word' id='word_1_184' title='bbox 1000 3337 1196 3392; x_wconf 89' lang='lat' dir='ltr'>reverenter</span> <span class='ocrx_word' id='word_1_185' title='bbox 1224 3336 1259 3393; x_wconf 91' lang='lat' dir='ltr'>et</span> <span class='ocrx_word' id='word_1_186' title='bbox 1281 3328 1393 3391; x_wconf 91' lang='lat' dir='ltr'>humi·</span> 
     </span>
     <span class='ocr_line' id='line_1_31' title="bbox 442 3426 1413 3511; baseline 0.002 -22"><span class='ocrx_word' id='word_1_187' title='bbox 442 3427 521 3491; x_wconf 90' lang='lat' dir='ltr'>liter</span> <span class='ocrx_word' id='word_1_188' title='bbox 553 3427 799 3510; x_wconf 86' lang='lat' dir='ltr'>supplicamus,</span> <span class='ocrx_word' id='word_1_189' title='bbox 830 3433 1001 3510; x_wconf 87' lang='lat' dir='ltr'>quatenus</span> <span class='ocrx_word' id='word_1_190' title='bbox 1034 3426 1180 3491; x_wconf 91' lang='lat' dir='ltr'>eundem</span> <span class='ocrx_word' id='word_1_191' title='bbox 1213 3427 1413 3511; x_wconf 20' lang='lat' dir='ltr'>dominum,</span> 
     </span>
     <span class='ocr_line' id='line_1_32' title="bbox 442 3526 1391 3610; baseline 0.001 -21"><span class='ocrx_word' id='word_1_192' title='bbox 442 3533 599 3590; x_wconf 90' lang='lat' dir='ltr'>nostrum</span> <span class='ocrx_word' id='word_1_193' title='bbox 625 3547 754 3608; x_wconf 84' lang='lat' dir='ltr'>regem,</span> <span class='ocrx_word' id='word_1_194' title='bbox 779 3528 839 3610; x_wconf 91' lang='lat' dir='ltr'>qui</span> <span class='ocrx_word' id='word_1_195' title='bbox 865 3527 957 3591; x_wconf 89' lang='lat' dir='ltr'>inter</span> <span class='ocrx_word' id='word_1_196' title='bbox 990 3526 1077 3590; x_wconf 93' lang='lat' dir='ltr'>alios</span> <span class='ocrx_word' id='word_1_197' title='bbox 1104 3527 1275 3609; x_wconf 89' lang='lat' dir='ltr'>principes</span> <span class='ocrx_word' id='word_1_198' title='bbox 1298 3527 1391 3591; x_wconf 90' lang='lat' dir='ltr'>orbis</span> 
     </span>
     <span class='ocr_line' id='line_1_33' title="bbox 443 3625 1390 3702; baseline 0 -12"><span class='ocrx_word' id='word_1_199' title='bbox 443 3632 544 3690; x_wconf 82' lang='lat' dir='ltr'>torrae</span> <span class='ocrx_word' id='word_1_200' title='bbox 564 3625 771 3690; x_wconf 86' lang='lat' dir='ltr'>catholicum</span> <span class='ocrx_word' id='word_1_201' title='bbox 797 3646 835 3690; x_wconf 87' lang='lat' dir='ltr'>se</span> <span class='ocrx_word' id='word_1_202' title='bbox 856 3626 1006 3702; x_wconf 83' lang='lat' dir='ltr'>exhibet,</span> <span class='ocrx_word' id='word_1_203' title='bbox 1030 3633 1065 3690; x_wconf 89' lang='lat' dir='ltr'>et</span> <span class='ocrx_word' id='word_1_204' title='bbox 1088 3625 1258 3690; x_wconf 83' lang='lat' dir='ltr'>Romanae</span> <span class='ocrx_word' id='word_1_205' title='bbox 1284 3627 1390 3692; x_wconf 86' lang='lat' dir='ltr'>eccle·</span> 
     </span>
     <span class='ocr_line' id='line_1_34' title="bbox 443 3725 1391 3809; baseline 0 -21"><span class='ocrx_word' id='word_1_206' title='bbox 443 3726 504 3789; x_wconf 85' lang='lat' dir='ltr'>siae</span> <span class='ocrx_word' id='word_1_207' title='bbox 532 3725 707 3803; x_wconf 89' lang='lat' dir='ltr'>devotum,</span> <span class='ocrx_word' id='word_1_208' title='bbox 727 3726 809 3809; x_wconf 88' lang='lat' dir='ltr'>jura</span> <span class='ocrx_word' id='word_1_209' title='bbox 837 3745 902 3790; x_wconf 88' lang='lat' dir='ltr'>sua</span> <span class='ocrx_word' id='word_1_210' title='bbox 929 3733 965 3790; x_wconf 90' lang='lat' dir='ltr'>et</span> <span class='ocrx_word' id='word_1_211' title='bbox 989 3725 1178 3801; x_wconf 88' lang='lat' dir='ltr'>libertates,</span> <span class='ocrx_word' id='word_1_212' title='bbox 1207 3733 1391 3790; x_wconf 89' lang='lat' dir='ltr'>consuetu-</span> 
     </span>
     <span class='ocr_line' id='line_1_35' title="bbox 442 3824 1391 3908; baseline 0.003 -21"><span class='ocrx_word' id='word_1_213' title='bbox 442 3824 553 3902; x_wconf 89' lang='lat' dir='ltr'>dines,</span> <span class='ocrx_word' id='word_1_214' title='bbox 584 3832 619 3889; x_wconf 90' lang='lat' dir='ltr'>et</span> <span class='ocrx_word' id='word_1_215' title='bbox 649 3825 744 3907; x_wconf 83' lang='lat' dir='ltr'>leges</span> <span class='ocrx_word' id='word_1_216' title='bbox 778 3825 976 3908; x_wconf 89' lang='lat' dir='ltr'>praedictas,</span> <span class='ocrx_word' id='word_1_217' title='bbox 1008 3825 1137 3907; x_wconf 89' lang='lat' dir='ltr'>absque</span> <span class='ocrx_word' id='word_1_218' title='bbox 1167 3825 1391 3896; x_wconf 86' lang='lat' dir='ltr'>diminutione</span> 
     </span>
     <span class='ocr_line' id='line_1_36' title="bbox 443 3923 1392 4008; baseline 0.003 -22"><span class='ocrx_word' id='word_1_219' title='bbox 443 3932 478 3988; x_wconf 90' lang='lat' dir='ltr'>et</span> <span class='ocrx_word' id='word_1_220' title='bbox 511 3923 763 4006; x_wconf 90' lang='lat' dir='ltr'>inquietatione</span> <span class='ocrx_word' id='word_1_221' title='bbox 797 3925 939 4008; x_wconf 88' lang='lat' dir='ltr'>pacifice</span> <span class='ocrx_word' id='word_1_222' title='bbox 971 3923 1158 4005; x_wconf 88' lang='lat' dir='ltr'>possidere,</span> <span class='ocrx_word' id='word_1_223' title='bbox 1190 3944 1231 3989; x_wconf 89' lang='lat' dir='ltr'>ac</span> <span class='ocrx_word' id='word_1_224' title='bbox 1257 3923 1392 3990; x_wconf 90' lang='lat' dir='ltr'>illibata</span> 
     </span>
     <span class='ocr_line' id='line_1_37' title="bbox 441 4017 1075 4107; baseline 0 -21"><span class='ocrx_word' id='word_1_225' title='bbox 441 4024 625 4105; x_wconf 88' lang='lat' dir='ltr'>persistere</span> <span class='ocrx_word' id='word_1_226' title='bbox 640 4023 823 4104; x_wconf 81' lang='lat' dir='ltr'>benignius</span> <span class='ocrx_word' id='word_1_227' title='bbox 840 4017 1075 4107; x_wconf 77' lang='lat' dir='ltr'>permittatis.²</span> 
     </span>
    </p>
   </div>
   <div class='ocr_carea' id='block_1_6' title="bbox 475 4194 1394 4333">
    <p class='ocr_par' dir='ltr' id='par_1_6' title="bbox 475 4194 1394 4333">
     <span class='ocr_line' id='line_1_38' title="bbox 476 4194 1394 4264; baseline 0.004 -18"><span class='ocrx_word' id='word_1_228' title='bbox 476 4194 740 4259; x_wconf 52' lang='lat' dir='ltr'>¹‘observare3’Ms</span> <span class='ocrx_word' id='word_1_229' title='bbox 933 4202 1019 4264; x_wconf 78' lang='lat' dir='ltr'>sigilla</span> <span class='ocrx_word' id='word_1_230' title='bbox 1047 4204 1142 4263; x_wconf 82' lang='lat' dir='ltr'>nostra,</span> <span class='ocrx_word' id='word_1_231' title='bbox 1170 4204 1221 4250; x_wconf 85' lang='lat' dir='ltr'>tam</span> <span class='ocrx_word' id='word_1_232' title='bbox 1244 4215 1290 4262; x_wconf 89' lang='lat' dir='ltr'>pro</span> <span class='ocrx_word' id='word_1_233' title='bbox 1311 4202 1394 4263; x_wconf 84' lang='lat' dir='ltr'>nobis,</span> 
     </span>
     <span class='ocr_line' id='line_1_39' title="bbox 475 4265 1393 4333; baseline 0.004 -17"><span class='ocrx_word' id='word_1_234' title='bbox 475 4265 486 4296; x_wconf 81' lang='lat'><em>²</em></span> <span class='ocrx_word' id='word_1_235' title='bbox 501 4268 552 4316; x_wconf 88' lang='lat' dir='ltr'>‘In</span> <span class='ocrx_word' id='word_1_236' title='bbox 575 4268 649 4328; x_wconf 74' lang='lat' dir='ltr'>cnjus</span> <span class='ocrx_word' id='word_1_237' title='bbox 672 4269 709 4317; x_wconf 85' lang='lat' dir='ltr'>rei</span> <span class='ocrx_word' id='word_1_238' title='bbox 732 4269 903 4319; x_wconf 88' lang='lat' dir='ltr'>testimonium</span> <span class='ocrx_word' id='word_1_239' title='bbox 933 4285 1009 4333; x_wconf 86' lang='lat' dir='ltr'>quam</span> <span class='ocrx_word' id='word_1_240' title='bbox 1021 4285 1066 4332; x_wconf 88' lang='lat' dir='ltr'>pro</span> <span class='ocrx_word' id='word_1_241' title='bbox 1077 4275 1130 4320; x_wconf 87' lang='lat' dir='ltr'>tota</span> <span class='ocrx_word' id='word_1_242' title='bbox 1140 4271 1317 4320; x_wconf 86' lang='lat' dir='ltr'>communitate</span> <span class='ocrx_word' id='word_1_243' title='bbox 1327 4285 1393 4332; x_wconf 71' lang='lat' dir='ltr'>pra-</span> 
     </span>
    </p>
   </div>
   <div class='ocr_carea' id='block_1_7' title="bbox 0 0 1590 5020">
    <p class='ocr_par' dir='ltr' id='par_1_7' title="bbox 0 0 1590 5020">
     <span class='ocr_line' id='line_1_40' title="bbox 0 0 1590 5020; baseline 0 1"><span class='ocrx_word' id='word_1_244' title='bbox 0 0 1590 5020; x_wconf 95' lang='lat' dir='ltr'> </span> 
     </span>
    </p>
   </div>
  </div>
 </body>
</html>
