3226 5020
436 517 505 580 314
790 531 865 579 nrc.
892 531 1040 580 rnrvnrr

437 689 472 752 in
486 708 601 769 regem
613 686 808 753 Jerusalem
824 695 1027 764 coronatum
1048 689 1140 772 quod
1156 709 1272 754 comes
1284 689 1386 755 Atre·

436 787 590 851 batensis
615 789 651 852 in
678 788 917 872 praejudicium
938 783 1046 870 ¹regis
1069 788 1209 867 Siciliae,
1229 791 1289 872 qni
1308 809 1385 872 reg·

436 907 518 950 num
546 886 630 951 illud
664 888 879 962 vendicabat,
913 887 1043 952 factum
1075 889 1263 966 aestimans,
1293 891 1385 954 bona

436 985 711 1069 Templariorum
746 996 781 1051 et
819 986 1148 1069 Hospitalariorum,
1192 989 1251 1070 qui
1289 988 1383 1053 facto

435 1086 515 1150 huic
540 1094 798 1163 consenserant,
828 1087 956 1168 ubique
979 1106 1041 1169 per
1067 1086 1234 1170 Apuliam
1256 1089 1382 1152 contis·

435 1186 539 1249 cavit.
591 1184 758 1250 Allonsus
788 1184 978 1267 Aragoniae
1008 1207 1083 1262 rex,
1112 1188 1226 1252 missis
1253 1188 1296 1250 ad
1323 1207 1383 1251 cu-

434 1285 521 1348 riam
550 1284 744 1349 Romanam
771 1285 915 1361 nuntiis,
938 1286 1151 1350 reconciliari
1173 1288 1298 1369 petivit
1323 1306 1380 1351 ec-

433 1385 572 1464 clesiae;
615 1386 657 1449 de
686 1384 752 1462 his,
781 1405 860 1467 quae
888 1404 950 1466 per
979 1385 1122 1450 fratrem
1153 1406 1254 1450 snum
1287 1386 1381 1451 sacta

434 1484 584 1561 fuerant,
602 1505 639 1548 se
654 1503 837 1549 excusans
1193 1497 1197 1500 '

696 1699 717 1734 Ρ.
731 1697 894 1734 ROMANORUM
907 1699 932 1735 n.
1005 1685 1180 1754 'PRANGORUM
1218 1699 1356 1735 suetonum

443 1785 615 1822 uccmxxvnl.
654 1786 799 1822 nluotntlv.
865 1786 973 1822 annum
1028 1786 1139 1821 l‘lllLIPPl
1152 1786 1187 1823 1v.
1214 1786 1332 1821 nnwnant
1346 1787 1364 1823 1.
1462 1800 1465 1804 ·

901 1847 940 1892 io.
1092 1846 1116 1891 8.
1271 1847 1310 1892 16.

485 1978 659 2044 Canobus
680 1981 771 2043 filius
795 1979 925 2056 Caroli,
949 1981 1108 2063 princeps
1123 1978 1280 2058 Achaiae,
1302 2002 1381 2064 pro·

359 2072 364 2084 '
435 2086 579 2143 curante
612 2099 694 2160 rege
725 2078 878 2161 Angliae‚
909 2080 1076 2145 liberatur
1106 2099 1129 2142 a
1160 2099 1297 2145 carcere
1317 2082 1381 2145 sub

434 2180 499 2242 hac
522 2178 653 2243 forma:
678 2179 849 2257 videlicet,
873 2179 966 2261 quod
991 2180 1074 2243 data
1098 2181 1172 2260 regi
1194 2178 1382 2262 Aragoniae

434 2272 547 2342 ²ccrta
572 2298 706 2342 summa
734 2280 902 2362 pecuniae,
925 2279 1000 2360 ipse
1023 2277 1169 2342 Carolus
1196 2299 1218 2342 a
1241 2280 1381 2344 domino
1421 2271 1423 2274 ⁵

434 2397 527 2461 papa
556 2397 677 2460 pacem
708 2377 995 2460 Aragonensibus
1027 2379 1250 2460 impetraret;
1288 2379 1380 2462 quod

434 2479 464 2541 si
480 2478 571 2542 infra
597 2479 780 2542 trienninm
807 2496 992 2560 procurare
1014 2496 1082 2541 non
1102 2485 1232 2560 posset,
1256 2479 1383 2544 rediret

435 2578 478 2641 ad
505 2597 698 2642 carcerem:
736 2577 861 2660 quibus
898 2577 1151 2641 conditionibus
1181 2577 1382 2661 juramento

435 2677 590 2752 firmatis
613 2677 748 2741 tradere
768 2677 915 2741 debebat
936 2674 1082 2740 Carolus
1105 2682 1175 2739 tres
1193 2676 1281 2742 filios
1299 2697 1381 2743 snos

434 2777 571 2841 obsides
593 2785 628 2840 et
645 2777 731 2840 alios
747 2777 873 2840 milites
894 2776 1026 2840 nobiles
1042 2775 1291 2859 quadraginta3
1318 2798 1381 2860 pro

434 2876 558 2958 quibus
584 2894 763 2958 quousque
795 2875 928 2940 veniret
954 2894 1017 2938 rex
1043 2873 1182 2956 Angliae
1207 2875 1382 2941 liberatio-

434 2995 511 3037 nem
535 2973 658 3038 Caroli·
676 2974 884 3052 accelerans,
905 2975 1037 3039 nobiles
1061 2975 1154 3038 viros
1177 2976 1237 3056 qni
1262 2995 1378 3040 secum

333 3153 345 3166 ,
435 3063 533 3138 erant
564 3073 701 3137 obsides
732 3075 886 3149 tradidit,
918 3081 953 3139 et
983 3075 1163 3158 pecuniam
1197 3093 1307 3158 usque
1335 3077 1379 3140 ad

434 3173 579 3254 triginta
609 3173 717 3238 millia
748 3174 911 3238 librarum
940 3175 1118 3256 persolvit.
1187 3173 1380 3258 Postquam

392 3307 395 3312 ·
434 3281 548 3337 autem
582 3273 644 3337 filii
676 3273 794 3356 Caroli
820 3280 998 3352 venerant,
1028 3294 1091 3338 rex
1119 3272 1257 3356 Angliae
1290 3276 1379 3339 mili-

434 3374 526 3436 tibus
552 3375 624 3437 suis
650 3373 806 3438 liberatis
827 3373 864 3436 iu
889 3374 1102 3438 Vasconiam
1128 3375 1323 3451 revertitur,
1346 3382 1381 3440 et

434 3474 525 3554 apud
561 3471 774 3554 Blanlreford
807 3473 917 3537 crucis
944 3474 1096 3555 suscepit
1121 3473 1380 3555 characterem3

433 3591 584 3654 moxque
611 3572 756 3636 ludaeos
780 3591 911 3650 omnes,
933 3580 1096 3656 tanquam
1119 3573 1229 3636 crucis
1252 3573 1382 3651 hostes,

435 3672 570 3753 expulit
590 3671 632 3734 de
649 3672 838 3748 Vasconia,
859 3679 894 3736 et
913 3672 990 3761 aliis
1010 3673 1110 3736 terris
1134 3673 1292 3736 omuibus
1309 3674 1381 3738 suis

435 3789 523 3852 quas
539 3771 575 3834 in
591 3790 699 3853 regno
721 3771 877 3835 Franciae
896 3771 1106 3854 possidebat.

272 3887 423 3928 mutuum
487 3869 630 3935 Interim
654 3871 769 3934 Resns
791 3870 884 3934 filius
906 3870 1087 3935 Mereduci
1106 3870 1271 3935 Walliam
1298 3892 1380 3936 con·

272 3937 295 3978 ln
306 3937 381 3978 weles.

435 3971 599 4047 turbavit,
620 3969 893 4052 impugnareque
919 3970 1025 4053 coepit
1051 3970 1169 4052 aliqua
1194 3972 1287 4052 regis
1310 3991 1383 4036 cas·

435 4075 498 4132 tra.
568 4068 719 4151 Tripolis
757 4069 880 4133 civitas
914 4071 1144 4134 transmarina
1179 4089 1202 4134 a
1232 4070 1385 4136 Soldano

470 4311 479 4343 ¹
496 4314 600 4363 omitted
611 4314 637 4361 in
650 4313 689 4363 M.
700 4313 749 4362 and
760 4312 808 4364 Ar.
901 4311 905 4382 Ι
957 4313 967 4342 ²
983 4316 1071 4366 ‘carta
1081 4321 1150 4366 certa
1159 4314 1176 4376 ;‘
1190 4319 1249 4368 Cod.
1263 4319 1327 4381 Reg.
