3204 5028
260 657 306 698 The
314 659 384 708 singu

259 707 322 747 letter
330 714 352 749 to
360 711 397 749 the

259 768 318 807 pope.

421 473 466 538 76
779 491 853 539 ruc.
877 490 1025 538 rmvnrr

422 647 594 727 babeant3
621 646 767 710 ¹malunt
797 665 946 728 namque
976 645 1055 709 filiis
1087 644 1172 708 meis
1201 646 1377 712 adhaerere

422 754 544 810 contra
573 765 627 810 me
652 745 825 828 transfugi
853 753 890 809 et
914 744 1073 821 mendici,
1101 764 1205 828 quam
1231 767 1377 828 regnare

423 865 567 922 mecum,
612 852 647 910 et
685 846 724 909 in
761 844 982 929 amplissimis
1021 844 1250 925 dignitatibus
1289 866 1376 928 prae-

421 946 566 1028 fulgere.

473 1043 670 1123 ‘Quoniam
689 1037 789 1109 ¹vero
805 1061 868 1107 vos
885 1043 1015 1108 extulit
1039 1044 1144 1108 Duos
1164 1043 1201 1107 in
1224 1044 1376 1108 eminen-

423 1144 508 1208 tiam
536 1143 638 1209 officii
663 1142 861 1226 pastoralis,
883 1141 928 1206 ad
954 1141 1102 1206 dandam
1123 1143 1300 1207 scientiam
1319 1163 1376 1208 sa·

423 1244 506 1307 lutis
531 1243 623 1326 plebi
653 1243 752 1327 Ejus,
776 1243 859 1308 licet
886 1243 1010 1307 absens
1038 1262 1193 1325 corpore,
1222 1261 1376 1325 praesens

424 1352 539 1407 tamen
564 1343 691 1420 animo,
714 1362 770 1406 me
794 1343 920 1406 vestris
949 1341 1097 1406 advolvo
1124 1342 1269 1424 genibus
1294 1363 1374 1407 con-

424 1443 537 1507 silium
554 1442 706 1506 salutare
723 1441 924 1524 deposcens.
969 1441 1107 1506 Vestrae
1124 1440 1377 1524 jurisdictionis

424 1549 478 1606 est
505 1561 649 1624 regnum
679 1540 831 1622 Anglia,
865 1548 900 1604 ot
928 1547 1094 1623 quantum
1126 1541 1170 1604 ad
1204 1539 1376 1604 feoditarii

419 1641 510 1724 juris
536 1641 793 1723 obligationem,
810 1640 908 1705 vobis
934 1640 1106 1704 duntaxat
1130 1641 1302 1704 obnoxius
1327 1647 1378 1704 te-

425 1759 520 1805 neor.
572 1741 783 1822 Experiatur
801 1738 932 1822 Anglia
956 1739 1038 1822 quid
1063 1741 1172 1824 prosit
1198 1738 1377 1804 Romanus

423 1839 592 1922 pontifex,
616 1847 652 1904 et
669 1839 752 1922 quia
773 1839 1009 1904 materialibus
1032 1840 1137 1904 armis
1162 1859 1230 1902 non
1251 1841 1375 1918 utitur,

425 1940 668 2021 patrimonium
684 1939 778 2003 beati
795 1937 891 2002 Petri
907 1938 1080 2022 spirituali
1094 1933 1210 2022 gladio
1225 1946 1377 2005 tueatur.

427 2038 680 2103 Contumeliam
708 2038 855 2102 filiorum
881 2046 1036 2121 poteram
1064 2039 1169 2104 armis
1194 2039 1378 2103 rebellibus

426 2139 640 2221 propulsare,
655 2138 714 2202 sed
730 2139 862 2221 patrem
878 2158 947 2202 non
961 2146 1103 2220 possum
1116 2155 1253 2204 exuero.
1285 2138 1378 2202 Nam

427 2245 462 2302 et
478 2237 632 2302 deremia
654 2245 826 2302 testante:
855 2237 1109 2303 ‘Nudaverunt
1131 2239 1244 2302 lamiae
1269 2257 1378 2302 mam-

427 2356 502 2402 mas
520 2341 622 2416 suas,
644 2337 1023 2402 lactaveruntoatulos
1048 2331 1173 2403 suos.'²
1225 2337 1272 2401 Et
1296 2338 1379 2402 licet

428 2445 543 2502 errata
563 2457 680 2502 eorum
696 2437 796 2520 quasi
811 2438 935 2501 mentis
954 2436 1104 2501 efferatae
1121 2457 1176 2502 me
1193 2431 1377 2515 ⁸fecerunt,

428 2537 562 2601 retineo
577 2544 742 2620 paternos
755 2537 920 2615 affectus3
944 2544 979 2600 et
989 2536 1160 2619 quandam
1177 2535 1378 2602 violentiam

430 2634 595 2718 diligendi
630 2653 690 2699 eos
724 2635 807 2699 mihi
838 2636 989 2700 conditio
1020 2636 1189 2700 naturalis
1218 2637 1376 2718 imponit.
1444 2681 1448 2689 ·

429 2734 597 2798 ‘Utinam
621 2743 783 2817 saperent
810 2742 845 2798 et
868 2735 1113 2816 intelligerent,
1131 2755 1173 2799 ac
1193 2735 1381 2800 novissima

428 2826 690 2916 providerent'4
723 2834 873 2898 Lactant
889 2833 979 2898 filios
994 2853 1090 2898 meos
1105 2834 1284 2899 domestici
1298 2835 1379 2899 hos-

429 2940 494 3010 tes,
508 2940 543 2996 et
554 2933 734 2998 occasione
752 2933 965 3016 malignandi
978 2933 1098 2998 habita
1114 2953 1184 2998 non
1202 2933 1381 3012 desistent,

429 3051 609 3116 quousque
640 3032 816 3116 redigatur
845 3033 956 3098 virtus
987 3052 1105 3097 eorum
1133 3033 1170 3097 in
1194 3034 1381 3115 pulverem,

430 3139 476 3210 et,
499 3150 665 3196 converso
689 3133 803 3214 capite
826 3133 863 3195 in
890 3131 1046 3208 caudam,
1064 3133 1156 3198 servi
1179 3152 1297 3196 eorum
1319 3132 1380 3197 do·

429 3232 602 3297 minentur
633 3231 696 3309 eiS,
725 3231 832 3314 juxta
863 3232 1004 3296 verbum
1035 3231 1121 3295 illud
1160 3231 1381 3297 Salomonis:

430 3331 587 3396 ‘Servus
615 3338 751 3395 astutus
781 3330 852 3394 filio
878 3330 1110 3395 dominabitur
1132 3326 1380 3413 imprudenti.’⁵

431 3431 572 3496 Excitet
601 3450 684 3512 ergo
710 3429 927 3512 prudentiam
951 3437 1100 3494 vestram
1121 3430 1271 3514 Spiritus
1299 3450 1382 3495 con·

430 3531 511 3607 silii,
542 3538 583 3594 ut
611 3529 824 3595 convertatis
853 3529 958 3594 corda
986 3529 1134 3593 filiorum
1162 3528 1207 3592 ad
1235 3536 1381 3612 patrem.

432 3629 502 3694 Cor
523 3629 613 3695 enim
637 3630 747 3712 patris
773 3649 835 3712 pro
856 3628 1073 3712 beneplacito
1098 3635 1215 3693 vestro
1238 3648 1383 3694 conver-

431 3736 524 3793 tetur
546 3728 589 3793 ad
612 3729 712 3804 filios,
737 3736 772 3793 et
793 3729 829 3791 in
854 3727 922 3792 fide
944 3727 1057 3805 Illius,
1079 3748 1140 3810 per
1161 3747 1262 3810 quem
1284 3749 1384 3812 reges

431 3835 591 3910 regnant,
617 3835 743 3892 vestrae
769 3826 998 3910 magnitudini
1025 3827 1200 3910 promitto,
1228 3847 1283 3892 me
1308 3848 1383 3892 ves-

432 3936 494 3991 trae
527 3926 745 4009 dispositioni
776 3927 813 3989 in
847 3928 1003 3991 omnibus
1038 3928 1242 4009 pariturum.
1295 3927 1383 4005 Vos,

466 4132 473 4161 ¹
486 4129 586 4195 ‘erg03'
597 4136 635 4183 M.
647 4139 672 4183 et
681 4135 729 4184 Ar.
955 4135 966 4165 ⁴
978 4135 1056 4184 Dent.
1067 4135 1149 4185 xxxii.
1162 4139 1204 4184 29.

466 4201 476 4230 ²
487 4205 557 4252 Lam.
569 4204 604 4253 ir.
617 4209 641 4253 3.
955 4203 966 4234 ⁶
978 4206 1055 4254 Prov.
1066 4206 1128 4254 xvii.
1141 4209 1166 4254 2.

466 4271 476 4302 ³
485 4277 493 4303 ⁴
502 4273 605 4324 fecerint
614 4270 630 4333 3'
641 4271 710 4324 D’A.
