3226 5020
599 495 782 543 annuens,
1100 477 1164 544 261

211 650 401 716 licentiavit
427 651 471 715 ad
499 653 658 734 propria:
689 647 895 736 scripsitque
915 654 957 718 de
983 654 1165 718 voluntate

213 751 348 814 comitis
370 751 610 834 symonis-his
638 754 698 835 qui
723 760 820 817 erant
847 754 882 816 in
910 754 1100 817 munitione
1122 752 1166 816 de

214 850 444 933 Tonebrigge,
468 851 559 933 quod
581 853 803 916 redeuntibus
822 853 864 916 ad
889 873 954 916 sua
978 854 1166 917 baronibus

217 970 284 1013 non
308 959 482 1015 nocerent.
534 949 583 1016 At
604 952 654 1016 illi
677 953 742 1016 hoc
768 972 836 1016 non
856 953 1016 1017 obstante
1042 953 1166 1016 armati

215 1049 454 1131 procedentes¹
485 1069 561 1114 cum
596 1051 772 1116 audissent
808 1051 1077 1127 Londonienses
1107 1051 1167 1134 qui

216 1148 259 1212 de
294 1149 385 1213 bello
417 1150 590 1232 fugerant,
630 1152 720 1233 apud
750 1146 966 1216 ¹Croiudone
997 1159 1167 1234 receptos,

215 1248 299 1313 illue
315 1258 550 1331 properantes,
570 1249 726 1332 plurimis
747 1270 864 1314 eorum
883 1252 1069 1333 peremptis
1085 1269 1166 1332 spo·

217 1348 265 1410 lia
291 1349 518 1430 abstulerunt.
572 1349 707 1414 Exinde
731 1351 917 1415 tendebant
940 1368 1049 1433 usque
1070 1350 1166 1413 Bris-

219 1447 353 1525 tollum,
381 1450 441 1513 ubi
468 1467 577 1531 usque
604 1449 647 1512 ad
675 1449 912 1514 liberationem
943 1450 1103 1514 Edwardi
1131 1450 1167 1512 in
1239 1458 1242 1469 '

219 1548 380 1629 praesidio
425 1555 675 1612 remanserunt.
755 1549 879 1614 Comes
918 1569 1000 1613 vero
1038 1549 1287 1631 Symonneueter

1182 1618 1256 1657 makes

220 1666 335 1728 regem
361 1646 500 1730 Angliee
526 1648 702 1730 filiumque
721 1651 798 1733 ejus
820 1649 1027 1713 Edwardum
1053 1668 1168 1713 secum
1182 1666 1291 1754 hin'oeffoi

220 1747 461 1822 circumduxit,
482 1767 662 1830 quousque
679 1757 794 1812 castra
811 1756 912 1812 terrae
935 1749 1078 1812 fortiora
1098 1768 1170 1813 om·
1183 1722 1333 1814 {ididiam

222 1847 280 1908 nia
312 1855 527 1929 occupasset,
559 1855 594 1911 et
623 1867 667 1912 ex
695 1855 779 1913 tunc
810 1847 853 1912 ad
882 1849 1100 1912 tractandum
1129 1818 1292 1910 de¹¹¹¹⁸⁰⁰m'

221 1965 306 2028 pace
331 1947 517 2010 secundum
543 1947 688 2010 formam
715 1949 927 2030 praemissam
949 1947 1173 2011 difficiliorem

222 2064 260 2109 se
285 2045 452 2122 exhibuit,
479 2066 520 2110 eo
542 2046 634 2128 quod
654 2068 770 2128 regem
791 2056 826 2110 et
845 2067 985 2128 regnum
1010 2055 1121 2111 totum
1137 2047 1173 2109 in

223 2165 288 2209 sua
301 2145 422 2209 habuit
437 2153 622 2228 potestate.
675 2147 835 2230 Denique
853 2147 1041 2211 Ricardum
1057 2164 1173 2227 regem

224 2245 460 2309 Romanorum
486 2247 523 2308 in
552 2247 638 2309 turri
672 2245 940 2323 Londoniarum,
966 2245 1174 2309 Edwardnm

223 2363 307 2409 vero
331 2351 366 2408 et
386 2345 578 2409 Henricum
600 2364 719 2427 regum
746 2346 836 2410 filios
854 2346 897 2408 'in
922 2353 1037 2408 castro
1059 2345 1175 2408 Dovo·

224 2446 285 2508 riae
309 2445 374 2507 sub
402 2445 557 2509 custodia
584 2445 711 2528 posuit,
739 2465 853 2527 regem
881 2444 1020 2526 Angliae
1047 2444 1176 2507 Henri·

225 2563 301 2608 cum
322 2563 437 2607 secum
456 2545 616 2608 continue
632 2531 899 2609 circumducens

277 2643 421 2708 Interim
447 2643 573 2707 milites
599 2643 722 2727 inclyti
746 2652 782 2709 et
811 2645 847 2707 in
875 2645 980 2706 armis
1006 2643 1301 2749 expertis-ceruini,

227 2743 315 2819 simi,
346 2742 507 2806 videlicet
532 2742 693 2825 Rogatus
722 2745 765 2808 de
788 2744 1048 2820 Mortuo-mari,
1070 2713 1340 2809 saco-illitis.

226 2844 291 2907 bus
312 2842 355 2906 de
378 2840 581 2918 Audelieco,
604 2843 764 2924 Rogerus
784 2844 827 2907 de
848 2843 1039 2926 Leyborne,
1058 2813 1270 2924 Rogemus.

227 2962 286 3005 rus
312 2942 355 3005 de
379 2935 557 3019 ²Clifford,
583 2935 744 3026 ⁸Haymo
775 2943 985 3019 ExtraneuS,
1009 2942 1117 3024 Hngo
1135 2943 1178 3006 de

229 3041 457 3118 Turberville,
482 3061 560 3104 cum
589 3042 666 3106 aliis
689 3044 857 3125 pluribus,
876 3043 1015 3124 indigne
1030 3041 1178 3106 ferentes

226 3136 359 3223 4regem
383 3141 581 3223 regiamque
603 3143 755 3206 sobolem
777 3144 827 3206 sic
851 3143 1005 3218 tractari,
1026 3141 1181 3205 unanimi

228 3248 348 3306 contra
378 3241 535 3305 comitem
565 3239 761 3306 Leicestriae
792 3243 975 3322 insurgunt
998 3259 1180 3304 consensu.

229 3341 283 3406 Ad
308 3359 451 3423 quorum
473 3340 754 3422 compescendam
776 3340 954 3404 audaciam
981 3359 1095 3403 comes
1115 3339 1181 3422 Sy·

231 3460 323 3517 mon,
354 3440 525 3503 associato
553 3441 619 3504 sibi
646 3441 800 3523 principe
825 3440 965 3505 Welliee
996 3439 1181 3515 Lewelino,

230 3549 381 3604 castrum
411 3538 628 3604 Herefordiae
654 3541 811 3617 intravit,
836 3540 987 3622 illucque
1015 3538 1180 3602 Edward-

230 3660 288 3703 um
317 3639 493 3722 captivum
528 3639 570 3703 de
604 3640 760 3703 Dovoria
790 3639 979 3704 transtulit.
1047 3638 1181 3701 Deinde

231 3747 380 3804 castrum
402 3738 537 3803 comitis
561 3737 790 3816 Herefordiee,
808 3739 899 3822 quod
916 3733 1023 3821 ⁵Hay
1043 3739 1181 3812 dicitur,

231 3839 459 3922 recuperavit,
484 3848 519 3903 et
545 3846 695 3902 castrum
723 3840 765 3904 de
790 3838 972 3902 Lodelawe
998 3839 1102 3920 cepit,
1127 3835 1182 3901 de

230 3939 468 4021 vastandoque
514 3945 625 4002 terras
671 3939 802 4022 Rogeri
845 3938 887 4002 de
927 3937 1183 4013 Mortuo-mari,

267 4145 274 4176 ¹
292 4149 301 4177 ‘
309 4147 443 4211 Groydone
450 4142 468 4211 ;'
479 4148 518 4197 M.
530 4152 554 4197 et
564 4147 613 4198 Ar.
755 4144 765 4175 ⁴
782 4147 871 4210 ‘reges
877 4142 892 4208 ;’
905 4148 944 4198 M.
955 4151 980 4196 et
993 4145 1038 4196 Ar.

266 4216 277 4246 ²
292 4218 410 4267 ‘Cliifort
418 4219 436 4277 ς’
448 4219 508 4267 Cod.
523 4218 587 4280 Reg.
756 4215 767 4245 ⁸
781 4219 869 4280 ‘quod
882 4218 960 4281 lingo
972 4217 1067 4266 dicitur
1073 4210 1091 4279 ;'
1109 4213 1148 4265 Μ.
1160 4220 1185 4264 et

267 4287 278 4317 ⁸
293 4284 425 4346 ‘lienum‘
434 4288 482 4338 Ar.
721 4286 768 4337 Ar.
