3170 5020
271 2359 346 2398 Princo

269 2410 371 2449 Edmund

269 2461 328 2499 born.

268 3155 324 3204 Popa
333 3153 398 3193 Bout-

269 3205 314 3244 oce
321 3214 407 3244 excom-

268 3254 388 3294 munidato·

267 3306 305 3343 the
314 3305 397 3344 Freneh

268 3355 328 3404 king.

435 477 502 542 378
800 496 873 543 ruo.
892 496 1040 543 rurvnrr

436 653 580 733 cerum]
597 672 675 735 quae
695 661 777 718 sunt
797 654 898 718 utilia
913 653 1013 718 valde
1029 673 1148 735 regno.
1202 651 1304 717 Circa
1320 653 1389 716 fes·

437 760 508 816 tum
533 773 616 817 vero
639 754 731 818 beati
758 753 782 818 J
785 755 907 818 oannis
937 755 1108 837 Baptistae
1136 752 1308 835 profectus
1336 760 1391 818 est

436 852 471 914 in
490 853 668 930 scotiam,
696 855 755 917 ubi
789 853 884 918 initis
909 855 1040 936 treugis
1070 859 1180 934 usque
1203 852 1388 920 Pentecos-

436 959 504 1016 tem
521 961 731 1035 sequentem,
741 954 777 1017 in
794 953 959 1035 Angliam
977 961 1030 1018 est
1045 972 1215 1018 reversus.
1257 951 1388 1021 Eodem

435 1070 528 1115 anno
556 1061 731 1118 natusest
751 1053 826 1134 regi
846 1073 892 1116 ex
916 1055 1036 1135 regina
1059 1053 1263 1133 Margareta
1282 1051 1386 1127 filius

435 1171 536 1233 quem
562 1151 731 1216 Thomam
756 1153 904 1216 vocavit.
958 1152 1083 1218 Comes
1112 1152 1286 1216 Flandriae
1308 1170 1386 1214 cum

434 1253 508 1315 suis
540 1252 670 1316 dedens
697 1271 735 1315 se
762 1251 888 1316 Carolo
912 1253 1030 1316 comiti
1044 1244 1201 1329 ‘Valesii
1232 1251 1388 1316 Parisios

434 1351 572 1416 ducitur
600 1371 678 1416 cum
700 1352 835 1415 duobus
854 1352 946 1428 filiis,
970 1361 1007 1418 et
1028 1352 1121 1434 apud
1138 1350 1386 1433 Compendium

432 1450 469 1513 in
497 1451 655 1515 custodia
688 1452 873 1516 detinetur.
927 1451 1100 1517 Radulsus
1129 1451 1221 1515 filius
1251 1448 1387 1513 Alberti

435 1552 527 1632 regis
546 1551 783 1615 Romanorum
804 1551 983 1629 Blancam‚
999 1571 1151 1616 sororem
1167 1551 1260 1632 regis
1277 1549 1388 1612 Fran-

434 1650 510 1728 ciae,
543 1651 689 1715 Parisiis
724 1651 957 1733 desponsavit.
1034 1651 1198 1716 Saraceni
1231 1649 1386 1712 Lacedae

435 1751 529 1814 urbis
547 1748 697 1832 Apuliae,
722 1753 786 1815 sub
802 1751 933 1815 tributo
950 1751 1042 1832 regis
1065 1751 1193 1815 Siciliae
1216 1750 1386 1824 viventes,

433 1851 527 1932 capti
543 1856 721 1913 necantur.

688 2066 710 2101 P.
724 2065 886 2101 ROMANORUM
905 2065 930 2100 R.
1019 2063 1171 2100 FRANOORUM
1217 2063 1356 2098 ANGLORUM

488 2151 571 2189 neem.
632 2152 762 2188 aeramen
772 2152 826 2188 vm.
851 2151 957 2186 renuant
970 2151 988 2186 1.
1016 2151 1174 2188 rululrrllv.
1212 2151 1330 2187 newsum
1342 2152 1362 2189 1.

485 2350 580 2414 Ituci
609 2348 803 2431 Anglorum
830 2347 1001 2411 secundus
1028 2348 1218 2429 exregina
1247 2349 1387 2431 Marga-

435 2457 511 2514 reta
537 2451 693 2515 nascitur
711 2449 816 2525 filius,
843 2467 944 2529 quem
967 2448 1106 2511 vocavit
1132 2447 1384 2513 Eadmundum.

433 2550 653 2632 Apamiensis
686 2548 868 2630 episcopus
905 2545 948 2610 de
982 2547 1236 2630 conspiratione
1265 2559 1384 2613 contra

433 2668 549 2731 regem
581 2650 795 2714 Francorum
829 2655 1026 2724 accusatus,
1059 2655 1095 2711 et
1125 2647 1170 2710 ad
1206 2649 1297 2729 regis
1327 2668 1385 2712 cu·

433 2749 520 2812 riam
554 2757 710 2824 vocatae,
745 2749 782 2810 in
823 2746 981 2810 custodia
1010 2746 1193 2810 detinetur.
1262 2747 1385 2812 Mense

433 2868 516 2912 vero
541 2842 753 2912 ¹Februario
776 2847 820 2910 ad
844 2845 1046 2910 mandatum
1065 2846 1195 2910 domini
1218 2866 1318 2930 papae
1342 2848 1385 2911 li·

432 2948 584 3023 beratus
606 2948 750 3030 jubetur
773 2965 843 3008 una
869 2965 947 3009 cum
976 2946 1099 3009 nuntio
1125 2946 1253 3010 domini
1281 2966 1382 3029 papae

432 3065 576 3128 regnum
600 3065 768 3110 evacuare
791 3044 881 3108 insra
913 3054 1043 3109 certum
1065 3045 1247 3111 terminum
1265 3066 1286 3110 a
1303 3067 1384 3128 rege

432 3145 624 3226 praefixum.
687 3145 787 3227 Papa
819 3145 1019 3208 Bonisacius
1049 3165 1168 3208 omnes
1198 3147 1330 3227 gratias
1361 3167 1383 3211 a

431 3264 468 3308 se
493 3247 549 3310 vel
577 3266 598 3310 a
629 3245 938 3328 praedecessoribus
966 3245 1039 3308 suis
1069 3263 1249 3309 concessas
1275 3246 1384 3309 Fran-

431 3364 549 3409 corum
566 3346 705 3427 regibus
726 3345 915 3421 revocavit,
937 3350 973 3407 et
992 3345 1027 3407 in
1048 3344 1192 3408 eundem
1212 3347 1283 3409 cito
1302 3354 1383 3428 post

430 3445 796 3509 excommunicationis
813 3444 1019 3507 sententiam
1037 3442 1250 3508 fulminavit:
1278 3464 1382 3527 quarn

431 3553 546 3609 tamen
565 3547 639 3628 regi
654 3562 754 3609 nemo
769 3561 876 3608 ausus
894 3549 947 3606 est
961 3543 1133 3620 nuntiare,
1151 3545 1206 3607 vel
1221 3545 1257 3608 in
1276 3565 1383 3626 regno

432 3644 589 3709 Franciae
610 3645 796 3728 publicare.
852 3642 950 3706 Fecit
970 3642 1074 3706 etiam
1096 3643 1195 3707 citari
1217 3644 1382 3725 praelatos

430 3762 548 3808 omnes
584 3743 626 3809 de
657 3763 764 3824 regno
801 3741 972 3820 Franciae‚
1001 3761 1064 3804 nec
1096 3762 1166 3806 non
1198 3750 1233 3806 et
1265 3762 1384 3808 omncs

428 3845 615 3925 magistros
642 3844 678 3907 in
697 3841 884 3924 theologia,
908 3848 944 3904 et
963 3839 1096 3925 injure
1121 3848 1194 3906 tam
1216 3845 1383 3907 canonico

429 3963 533 4024 quam
560 3943 665 4019 civili,
692 3951 731 4006 ut
760 3961 876 4006 coram
903 3960 943 4004 eo
964 3934 1133 4022 ²[Romee
1156 3942 1208 4024 in]
1233 3943 1384 4007 calendis

427 4140 566 4189 uudels.
581 4139 894 4202 Cod.Reg.reads‘char·
957 4136 1067 4190 'Hall’s
1094 4143 1262 4194 amendment.
1323 4147 1382 4195 cod.

426 4213 508 4257 tarum
516 4203 530 4267 ς’
539 4209 589 4258 and
600 4211 686 4272 M.‚as
695 4212 722 4258 in
732 4215 789 4259 note
798 4207 817 4271 ²,
824 4213 832 4238 ‘
839 4225 894 4259 car-
921 4213 986 4273 Reg.
997 4210 1044 4260 has
1055 4211 1063 4239 ‘
1073 4211 1224 4263 Februarii?

428 4276 587 4326 ceratorum!
954 4279 1149 4330 ²‘rhisisfrom
1160 4281 1277 4332 Amo.
