3170 5020
593 463 778 538 anulare.
1096 473 1164 537 343

213 646 337 713 rerent,
361 638 487 702 nobilis
512 639 652 721 quidam
675 639 717 703 de
741 638 923 717 Galwidia,
951 640 1033 704 dum
1051 649 1162 724 portae

213 738 365 802 civitatis
401 739 706 821 appropinquaret,
750 759 840 805 unco
888 739 999 805 ferreo
1033 741 1077 805 ab
1108 740 1162 805 his

214 839 274 920 qui
302 857 406 921 super
440 847 576 920 portam
609 848 708 904 erant
738 839 937 917 attrahitur,
969 839 1172 923 confossus-¹

215 957 281 1020 que
312 937 441 1002 lanceis
466 946 640 1003 enecatur.
686 938 730 1002 In
761 958 898 1004 carcere
928 959 1010 1004 vero
1040 939 1162 1004 civita·

215 1037 261 1101 tis
286 1037 426 1121 quidam
449 1037 649 1120 explorator
670 1038 843 1116 detentus,
870 1059 949 1104 cum
977 1039 1163 1104 adventum

216 1156 355 1200 suorum
383 1136 549 1214 audisset,
575 1157 745 1203 carcerem
768 1138 931 1215 incendit,
953 1139 1053 1222 cujus
1082 1139 1163 1220 igne

218 1235 305 1301 flatu
335 1237 431 1302 venti
463 1236 648 1304 indomos
682 1238 768 1302 alias
798 1239 926 1314 delato,
957 1239 1050 1302 urbis
1082 1257 1164 1320 pars

217 1355 346 1418 magna
377 1345 560 1402 crematur.
623 1337 701 1401 Viri
729 1344 845 1402 tamen
871 1347 906 1402 ct
937 1338 1096 1402 mulieres
1119 1337 1164 1401 ad

219 1456 335 1500 muros
360 1443 601 1516 concurrentes
631 1436 804 1519 lapidibus
833 1444 867 1501 et
894 1437 973 1501 telis
995 1437 1118 1502 Scotos
1143 1457 1165 1501 a
1242 1499 1245 1506 .

218 1537 326 1599 muris
355 1538 572 1618 propulsant,
605 1538 724 1600 urbem
757 1536 902 1601 viriliter
932 1536 1163 1602 defendentes.
1176 1558 1282 1606 rum

220 1635 316 1700 Scoti
347 1635 503 1701 videntes
541 1656 579 1702 se
611 1657 680 1700 nou
709 1636 887 1719 proficere,
917 1637 1004 1701 feria
1039 1644 1166 1721 quarta
1176 1618 1308 1707 diffidi?-

220 1736 348 1799 omissa
362 1735 538 1801 obsidione
554 1738 590 1800 in
608 1736 759 1801 Scotiam
776 1736 959 1802 redierunt.
1175 1713 1283 1800 ‘s'ssihi‘ia

265 1835 395 1899 Eadem
432 1836 499 1913 die,
535 1837 666 1901 scilicet
698 1835 784 1900 feria
812 1845 938 1919 quarta
969 1837 1005 1900 in
1037 1836 1165 1900 hebdo·
1178 1855 1269 1898 runnu

221 1934 322 1999 mada
353 1934 512 2013 Paschae,
544 1956 607 2001 rex
640 1955 718 2000 cum
743 1937 899 2001 exercitu
932 1936 1166 2019 progrediens,
1178 1909 1291 2048 ffiiiii-

222 2035 369 2099 transito
401 2035 540 2099 flumine
568 2035 660 2118 quod
688 2035 820 2100 Tweda
849 2035 986 2114 dicitur,
1016 2036 1167 2101 Scotiam

222 2134 398 2215 ingressus
419 2143 492 2206 est;
519 2143 554 2198 et
572 2136 761 2216 burgenses
785 2136 952 2200 Berewici
973 2135 1016 2199 ad
1048 2153 1168 2217 pacem

222 2234 386 2310 invitans,
414 2254 477 2316 per
507 2233 595 2297 diem
620 2253 726 2299 unum
751 2234 924 2316 integrum
951 2234 1167 2316 expectavit3

223 2333 348 2415 quibus
377 2334 420 2399 ad
450 2352 571 2417 pacem
604 2335 721 2397 venire
757 2334 964 2410 nolentibus,
995 2333 1102 2415 coepit
1133 2333 1168 2395 in

224 2433 279 2496 die
304 2431 453 2496 Veneris
481 2433 574 2498 villae
597 2433 885 2516 appropinquare,
908 2433 989 2496 fixis
1013 2432 1170 2497 tentoriis

224 2533 261 2595 in
283 2531 385 2596 domo
408 2533 608 2596 monialium
632 2532 674 2596 de
697 2531 944 2610 Caldestreme,
966 2551 988 2596 a
1008 2552 1079 2616 qua
1101 2532 1170 2595 dis·

224 2633 323 2696 tabat
348 2632 432 2696 villa
454 2632 622 2696 Berewici
648 2652 711 2715 per
734 2632 908 2696 dimidiam
936 2639 1071 2698 tantum
1097 2632 1171 2696 leu-

224 2751 311 2796 cam.
387 2730 613 2797 Adveneruut
648 2739 762 2796 autem
797 2740 833 2796 et
864 2732 988 2814 viginti
1021 2739 1172 2814 quatuor
1184 2751 1334 2793 Taamorou·

225 2851 331 2897 naves
348 2830 511 2915 Angliae3
538 2851 683 2915 quarum
705 2839 821 2895 nautae
844 2831 1073 2897 incalescente
1098 2802 1318 2896 sole⁸‘³⁰¹'¹⁰¹'

225 2933 415 2997 exercitum
445 2931 578 3014 regium
612 2932 648 2996 in
678 2931 828 3014 quadam
857 2932 1002 3016 planitie
1041 2950 1174 3014 praepa·

221 3039 339 3112 ,ratum
371 3032 637 3115 conspicientes,
663 3032 722 3095 ubi
750 3051 813 3096 rex
841 3051 949 3096 novos
975 3030 1102 3096 milites
1125 3030 1174 3094 fe-

227 3138 334 3208 cerat,
359 3132 572 3196 aestimantes
593 3151 708 3214 regem
730 3130 819 3196 velle
842 3131 934 3195 villae
959 3131 1042 3195 dare
1066 3130 1175 3194 insul·

228 3237 314 3306 tum,
344 3238 481 3312 portum
506 3231 654 3313 ingressi
682 3239 717 3295 et
740 3229 783 3294 ad
809 3238 935 3295 terram
959 3229 1175 3313 applicantes

229 3328 423 3393 conflictum
460 3331 581 3394 ineunt
618 3350 696 3394 cum
730 3329 888 3410 villanis3
933 3329 993 3392 ubi
1026 3336 1177 3412 quatuor

228 3430 375 3493 navibus
406 3429 562 3511 perditiS,
588 3437 712 3494 ceterae
739 3441 817 3494 'cum
848 3420 984 3493 refluxu
1008 3428 1115 3493 salvae
1142 3435 1178 3491 et

228 3528 372 3610 integrae
395 3522 643 3594 ¹revertuntur.
696 3529 888 3611 Divulgato
914 3538 1031 3592 autem
1053 3527 1089 3591 in
1114 3547 1177 3591 ex·

230 3629 338 3693 ercitu
359 3628 451 3693 facto
478 3637 673 3706 nautarum,
694 3649 756 3693 rex
771 3622 918 3711 ²apertae
941 3635 1042 3692 terrac
1064 3634 1193 3691 trans·¹

230 3748 370 3810 gressus
399 3729 474 3793 sine
507 3728 709 3794 difficultate
745 3727 925 3805 fossatum,
959 3727 1052 3810 quod
1083 3727 1179 3791 Scoti

262 3957 271 3990 ¹
291 3960 470 4012 ‘retrahuntur
483 3957 502 4021 ς’
525 3962 564 4012 Μ.
589 3966 614 4011 et
629 3963 691 4010 Aa:
719 3964 744 4023 9,
755 3959 844 4009 allows
862 3959 904 4007 the
919 3958 971 4008 loss
988 3957 1017 4006 ol
1025 3957 1095 4007 three
1112 3956 1182 4018 only,

229 4032 304 4080 ‘cum
315 4031 415 4080 refluxu
426 4032 496 4080 fluvii
507 4033 603 4094 integre
614 4036 692 4081 retra·
719 4030 769 4079 and
789 4043 849 4091 says
864 4028 919 4077 that
931 4029 974 4077 the
990 4033 1051 4087 rest,
1065 4027 1144 4089 thirty
1155 4027 1182 4076 in

229 4101 324 4149 huntur
334 4095 349 4162 ;’
361 4099 410 4150 Ar.
421 4106 479 4152 22⁰.
502 4102 655 4164 Dunstable,
666 4118 692 4162 p.
720 4102 834 4163 number,
853 4099 962 4160 escaped
981 4103 1007 4147 at
1024 4098 1066 4148 the
1084 4099 1141 4147 tlow
1157 4096 1186 4148 ot

231 4175 290 4231 648,
304 4171 393 4220 makes
409 4171 451 4220 the
468 4171 520 4221 loss
533 4172 562 4220 ol
575 4171 694 4232 sbipping
720 4170 762 4219 the
773 4170 834 4220 tide.

231 4255 299 4289 more
308 4241 458 4292 disastrous.
483 4241 659 4304 Heminglord,
668 4256 694 4303 p.
756 4239 766 4268 ²
782 4241 815 4289 ‘a
826 4235 917 4302 partes
930 4234 999 4288 ΠΛ.
