3204 5028
419 481 484 546 138
773 495 846 543 uro.
870 495 1018 542 rnrvsrr

419 657 505 720 nulli
518 674 593 720 eam
608 654 761 732 reddere,
776 655 842 718 nisi
855 655 930 737 regi
942 653 1094 736 Angliae,
1110 654 1200 718 sicut
1213 653 1372 717 dominus

419 775 504 820 suus
520 756 669 821 moriens
686 754 871 820 ordinavit.

255 873 406 963 icotptflenrr
469 857 558 920 Post
578 855 653 920 haec
676 856 720 919 ab
742 855 905 919 universo
927 852 1056 936 populo
1078 851 1115 916 in
1137 873 1252 934 regem
1269 850 1293 916 J
1296 871 1373 916 eru·

257 934 360 1064 1521ng
419 956 527 1020 salem
545 955 684 1038 eligitur
699 973 813 1019 comes
830 953 1006 1018 Henricus
1018 952 1230 1036 Campaniae.
1262 952 1374 1034 Super

273 1035 309 1064 ⁸¹¹¹
343 1034 384 1064 ω’
419 1057 512 1138 quod
527 1041 651 1121 eximie
668 1056 808 1119 laetatus
832 1073 895 1117 rex
920 1053 1104 1130 Ricardus,
1126 1053 1245 1117 statim
1263 1050 1372 1115 eidem

419 1155 595 1220 civitatem
614 1149 750 1219 ¹thon
776 1153 947 1218 concessit
970 1153 1006 1215 in
1030 1153 1218 1217 dominium
1246 1151 1373 1233 sempi-

419 1262 564 1319 ternum.
611 1254 699 1318 Post
732 1253 807 1318 haec
832 1252 1007 1336 profectus
1036 1272 1099 1317 rex
1126 1250 1299 1317 Ricardus
1328 1251 1373 1314 ad

419 1361 571 1419 castrum
600 1354 745 1432 Darum,
773 1353 866 1436 quod
892 1358 968 1416 erat
994 1350 1232 1430 fortissimum,
1255 1352 1372 1414 decern

419 1462 455 1519 et
478 1461 610 1538 septem
636 1453 789 1518 turribus
816 1452 998 1529 munitum,
1025 1445 1221 1517 ²obsidione
1247 1451 1373 1535 posita,

419 1554 510 1618 infra
543 1561 694 1636 quatuor
730 1553 804 1616 dies
840 1552 956 1634 cepit;
990 1560 1131 1635 captum
1164 1571 1248 1616 vero
1278 1549 1374 1614 dedit

420 1652 575 1718 Henrico
598 1653 727 1730 comiti,
744 1653 819 1737 Jam
840 1652 876 1715 in
899 1670 1014 1733 regem
1032 1651 1156 1730 electo,
1173 1670 1250 1715 cum
1268 1650 1374 1733 perti-

420 1754 546 1817 nentiis
568 1753 726 1817 omnibus
748 1750 943 1832 adquisitis.
995 1750 1097 1833 Cepit
1113 1757 1192 1834 post
1209 1750 1284 1814 haec
1299 1769 1373 1814 cas·

422 1859 513 1916 trum
531 1853 623 1935 quod
643 1850 769 1915 dicitur
784 1850 942 1914 Ficuum.
990 1851 1165 1916 Redeunti
1180 1849 1303 1914 deinde
1315 1869 1377 1932 per

420 1946 633 2017 ⁸Cannetnm
657 1950 911 2014 Stumellorum
936 1952 1087 2015 occurrit
1111 1949 1252 2033 quidam
1275 1949 1376 2013 cleri-

421 2071 482 2116 cus
496 2052 637 2116 veniens
650 2051 693 2114 de
709 2049 850 2132 Anglia,
869 2052 1007 2114 nomine
1028 2049 1052 2115 J
1055 2070 1183 2115 oannes
1206 2049 1248 2113 de
1269 2049 1376 2113 Alen-

422 2158 493 2230 ton,
526 2151 689 2215 nuntians
717 2149 882 2232 Angliam
912 2152 1087 2215 turbatam
1118 2170 1180 2233 per
1203 2150 1226 2213 J
1230 2168 1375 2213 oannem

423 2251 582 2316 comitem
602 2251 743 2315 fratrem
761 2251 866 2330 regis,
883 2251 943 2331 qui
965 2269 987 2314 a
1009 2269 1091 2331 rege
1110 2251 1280 2326 Franciae,
1306 2268 1377 2312 cre·

422 2351 494 2415 bris
531 2351 838 2417 intercurrentibus
870 2350 1013 2428 nuntiis,
1049 2349 1302 2415 sollicitabatur
1332 2348 1375 2412 ad

423 2450 620 2535 hujusmodi
656 2450 823 2514 nefariam
860 2449 1101 2531 proditionem.
1158 2449 1270 2532 Super
1307 2467 1376 2530 quo

404 2551 525 2615 ualde
549 2557 753 2627 commotus,
783 2569 862 2615 cum
881 2551 1021 2613 omnino
1047 2549 1236 2632 repatriare
1261 2549 1378 2630 dispo·

421 2651 563 2730 suisset,
588 2656 668 2733 post
688 2667 880 2713 sermonem
899 2648 1080 2731 cujusdam
1103 2648 1284 2730 capellani,
1306 2648 1377 2710 ele-

425 2757 548 2831 ganter
581 2749 690 2812 eidem
726 2765 858 2811 moram
894 2747 1090 2811 ulteriorem
1124 2744 1378 2828 persuadentis,

425 2848 574 2912 mutavit
587 2847 812 2929 propositum.

264 2971 357 3012 niusa
477 2945 612 3011 Deinde
634 2966 695 3010 rex
721 2944 989 3027 Bethonopolim
1011 2944 1186 3028 profectus
1208 2945 1379 3028 disposuit

262 3021 385 3119 blllltl
427 3045 622 3110 Jerusalem
639 3044 817 3111 obsidere:
841 3043 901 3108 ubi
918 3043 1037 3108 audito
1052 3044 1144 3128 quod
1161 3045 1269 3109 Turci
1286 3046 1380 3108 sede

264 3120 393 3167 'mm‘
428 3153 505 3210 rent
519 3146 556 3210 in
577 3145 750 3210 montanis
773 3145 809 3207 in
835 3143 980 3222 insidiis,
994 3144 1076 3208 illuc
1094 3145 1268 3227 profectus
1284 3145 1380 3227 ipsos

428 3244 685 3328 comprehendit
696 3245 908 3328 improvidos
922 3263 932 3321 ;
961 3243 1003 3308 de
1018 3245 1143 3328 quibus
1161 3245 1318 3328 plurimis
1331 3245 1381 3308 in-

429 3345 596 3422 terfectis,
619 3345 711 3427 cepit
728 3364 922 3427 praeconem
947 3343 1115 3422 Saladini,
1132 3346 1382 3427 plurimamque

428 3445 583 3510 lucratus
600 3452 653 3508 est
667 3445 832 3528 praedam.
885 3443 974 3508 Cum
990 3452 1107 3509 autem
1123 3445 1216 3527 apud
1232 3444 1380 3528 majores

430 3543 611 3610 altercatio
632 3552 724 3609 esset
747 3543 790 3608 de
815 3543 992 3608 obsidione
1018 3535 1225 3622 Jerusalem,
1250 3562 1312 3607 rex
1340 3544 1384 3608 de

430 3645 601 3708 communi
638 3645 790 3708 omnium
826 3662 997 3708 consensu
1033 3644 1115 3725 eligi
1146 3643 1228 3708 fecit
1257 3643 1384 3724 viginti

267 3768 385 3810 auriane
430 3745 536 3821 viros,
565 3744 716 3827 quinque
741 3743 970 3826 TemplarioS,
999 3744 1151 3827 quinque
1181 3743 1385 3826 Hospitala-

266 3819 411 3919 ll⁸l⁰ulp¹lll¹¹
430 3844 513 3922 rios,
536 3844 688 3926 quinque
714 3842 878 3926 Syrianos
899 3842 994 3906 illius
1014 3849 1116 3906 terrae
1138 3843 1331 3924 indigenas,
1350 3850 1386 3906 et

266 3918 408 4010 llelllldd
430 3945 581 4026 quinque
606 3942 648 4007 de
676 3943 878 4026 peregrinis,
904 3943 964 4024 qui
991 3943 1103 4028 jurati
1136 3944 1385 4007 arbitrarentur

268 4019 409 4160 :pelffi'ppd
431 4043 512 4124 quid
546 4044 589 4107 de
623 4043 799 4107 obsidione
831 4040 1025 4105 Jerusalem
1060 4044 1229 4125 agendum
1263 4042 1383 4106 utilius

466 4224 474 4255 ¹
492 4226 500 4253 ‘
507 4226 596 4275 Achou
606 4221 620 4287 ς’
637 4227 750 4288 wanting
762 4228 788 4275 in
799 4228 839 4277 M.
952 4224 963 4257 ⁸
981 4227 1150 4278 ‘Gannettum
1160 4227 1178 4288 ;’
1191 4228 1250 4276 Cod.
1263 4227 1328 4289 Reg.

466 4293 477 4322 ²
491 4296 686 4358 ‘obsidioneque
694 4296 711 4358 ;’
722 4298 761 4346 Μ.
773 4301 797 4345 et
808 4296 855 4346 Ar.
