3180 5026
418 472 505 535 xviii
818 487 989 534 ansanus.

252 630 372 721 olffleffi,
419 633 547 711 Expleta
562 633 694 703 Introitu,
708 635 778 709 quo¹
794 633 897 710 populi.

252 739 323 770 name.
418 730 535 790 Ultimo
551 729 642 808 Kyrie
657 729 784 797 Eleison‚
799 729 886 786 dieto.
1333 811 1335 814 Ι

399 835 403 839 ’
418 825 582 882 Exordium
595 825 695 902 hymni
709 824 837 901 angelici,
853 824 983 883 Gloriam
998 823 1060 880 fieri
1073 824 1102 880 in
1118 824 1255 882 Excelsis.

418 919 604 977 Terminato²
617 920 723 998 hymno
737 921 874 996 angelico,
889 920 984 976 sinon
998 927 1064 976 sunt
1079 918 1241 976 Lectiones.

417 1079 447 1136 D
456 1098 505 1136 um
518 1081 547 1136 in
562 1080 653 1156 prima
666 1079 843 1147 salutatione,
859 1077 999 1138 Sacerdos
1013 1079 1125 1135 salutat.

417 1175 600 1232 Exhortatur
614 1175 715 1232 deinde
730 1173 868 1233 Sacerdos
882 1175 1025 1252 populum.

417 1336 445 1393 0
454 1343 548 1414 portet
561 1344 655 1393 autem
669 1335 741 1392 scire
756 1335 832 1413 quod
845 1337 901 1392 ista
915 1334 971 1392 duo
984 1335 1108 1392 nomina.

417 1431 584 1508 Responsio
598 1439 693 1488 autem
707 1429 817 1507 Populi,
832 1431 914 1487 linita
927 1430 1063 1488 oratione.

416 1526 564 1584 Doctrina
578 1527 667 1583 Verbi
682 1525 742 1583 Dm
757 1526 793 1582 ad
808 1526 957 1602 Populum.

415 1622 457 1679 ln
473 1623 571 1680 diebus
586 1629 680 1678 autern
694 1621 843 1697 aliquibus,
858 1622 887 1677 in
902 1621 957 1677 illis
973 1620 1087 1678 scilicet.

416 1719 537 1775 Nomen
555 1717 711 1776 Gradualis
724 1736 742 1774 a
753 1716 845 1791 gradu
858 1715 987 1773 trahitur.

416 1815 550 1872 Effectus
564 1813 635 1870 alius
651 1813 739 1870 Verbi
754 1813 814 1869 Dar
833 1813 935 1888 [qui]³
950 1820 994 1868 est
1007 1812 1151 1870 exultatio.

416 1971 517 2030 Finita
533 1975 659 2032 Alleluia
671 1974 700 2030 in
715 1975 813 2032 diebus
828 1975 1008 2032 solemnibus.

416 2069 510 2126 Ratio
529 2069 649 2128 Tractus
662 2071 697 2127 ab
712 2090 746 2128 eo
760 2071 879 2128 sumitur
893 2069 968 2147 quod
983 2070 1011 2126 in
1025 2070 1221 2147 prolixitatem.

416 2165 617 2222 Accedentem
632 2165 810 2223 Diaconum4
823 2167 859 2224 ad
873 2166 1025 2242 legendum
1040 2165 1237 2241 Evangelium.

415 2261 588 2318 Terminato
604 2251 768 2337 Evangelia,
785 2261 923 2321 Sacerdos
939 2262 1101 2337 Symbolum
1113 2262 1220 2338 incipit.

416 2358 444 2414 R
454 2355 600 2414 udimenta
614 2356 703 2426 Fidei,
718 2357 748 2414 in
765 2357 900 2436 Symbolo
915 2365 1054 2415 contenta.

413 2454 441 2510 V
450 2453 576 2510 ariautur
590 2453 725 2510 stationes
744 2453 961 2528 [Sacerdotis]⁵
974 2453 1004 2509 in
1020 2453 1119 2512 Missa.

414 2549 451 2606 M
459 2545 599 2625 ultiplex⁶
612 2567 629 2604 a
643 2548 663 2606 J
664 2548 775 2605 ohanne
789 2548 969 2605 Damasceno
982 2547 1143 2624 assignatur
1157 2547 1236 2604 ratio.

417 2714 576 2773 Praemissa
590 2716 756 2774 salutatione
770 2717 875 2794 populi,
891 2716 1029 2775 Sacerdos
1043 2717 1215 2776 oblationem
1229 2717 1366 2776 facturus.

417 2810 445 2868 R
454 2811 591 2887 equiritur
604 2811 641 2868 ad
654 2812 824 2870 oblationem
840 2811 1008 2871 Sacerdotis.

418 2907 555 2982 Erigitur
569 2906 605 2963 ad
619 2909 857 2965 consecrationem
874 2907 1033 2984 Sanguinis

418 3002 473 3059 De
487 3021 560 3078 aqua
571 3003 715 3060 miscenda
729 3022 793 3060 oum
807 3005 884 3074 vino,
899 3003 1036 3079 quamvis.

412 3098 432 3155 Ἰ
440 3118 460 3154 n
473 3099 615 3174 primitiva
628 3098 757 3156 Ecclesia
770 3098 899 3156 solebant
915 3098 1087 3156 Sacerdotes.

418 3193 590 3269 Corporalia
604 3212 661 3250 uon
677 3194 780 3251 debent
795 3213 857 3251 esse
872 3193 907 3250 de
923 3195 1022 3250 serico.

419 3293 534 3365 Aptata
549 3307 632 3365 super
646 3297 776 3365 patenam
792 3289 905 3358 Hostia,
919 3297 949 3346 et
963 3288 1058 3346 calice.

417 3385 517 3442 Tacta
531 3403 625 3442 rerum
640 3385 826 3461 corporalium
840 3403 940 3442 manus
956 3383 1124 3442 Sacerdotis.

418 3481 498 3540 Orat
512 3480 613 3538 deinde
628 3479 765 3538 Sacerdos
779 3479 898 3555 legendo
912 3481 942 3536 in
956 3480 1071 3536 sinistro
1085 3498 1173 3536 cornu
1186 3481 1290 3538 altaris.

418 3577 446 3633 R
455 3577 625 3633 everentiam
639 3576 736 3652 populi
747 3584 775 3632 et
787 3575 964 3632 devotionem
977 3575 1013 3631 ad
1028 3583 1136 3632 tantum
1147 3574 1367 3634 Sacramentum.

455 3810 461 3840 ¹
479 3814 542 3874 ‘per
551 3805 647 3872 quem3’
669 3810 878 3861 Codflaatltfl.
941 3807 951 3836 ⁴
966 3809 1125 3860 ‘Accedente
1141 3809 1280 3870 Diacouo;'
1301 3811 1367 3860 Har.

455 3879 465 3908 ²
480 3881 550 3930 Here
563 3880 623 3928 Cod.
635 3878 702 3928 Har.
716 3883 780 3929 3138
795 3880 818 3928 is
834 3881 880 3928 im·
906 3882 978 3928 3138.

419 3950 528 4012 perfect:
550 3950 571 3996 it
592 3953 675 3997 wants
696 3948 739 3996 the
766 3949 826 4009 leaf,
852 3964 881 3997 or
939 3946 1278 3998 ⁶0mittedinHur.31³8.

419 4021 513 4079 leaves,
543 4018 688 4078 containing
715 4018 757 4066 the
785 4018 880 4066 initials
940 4013 1029 4064 6Τὶιὶε
1043 4017 1147 4066 andthe
1158 4017 1227 4066 three
1238 4017 1368 4079 following

419 4089 498 4146 T.D.
509 4088 539 4142 Ε,
555 4086 589 4135 0.
604 4087 688 4134 which
704 4101 747 4134 are
763 4087 881 4148 supplied
905 4086 1001 4146 letters,
1013 4085 1054 4135 Μ.
1064 4085 1097 4134 P.
1110 4087 1141 4136 R.
1154 4087 1203 4135 and
1214 4088 1245 4135 E.
1255 4101 1298 4135 are
1309 4102 1370 4148 sup·

418 4158 481 4206 imm
495 4155 631 4206 Codflcr.
644 4159 717 4205 3768.
907 4155 976 4216 plied
987 4154 1050 4203 from
1067 4155 1134 4205 Har.
1153 4160 1226 4217 3138,
1242 4171 1258 4204 a
1274 4155 1328 4204 leaf
1340 4171 1369 4204 or

481 4225 594 4275 Omitted
605 4226 631 4274 in
643 4225 709 4274 Har.
722 4229 795 4274 3138.
907 4228 959 4273 two
969 4225 1046 4288 being
1056 4225 1105 4274 lost
1116 4225 1141 4273 in
1153 4227 1211 4274 Cod.
1222 4225 1288 4275 Har.
1295 4229 1367 4274 3768.
