3252 5026
436 503 501 569 188
795 522 868 570 mc.
891 522 1039 569 salvum

273 691 415 785 {25ququ
436 700 578 762 regnum
597 680 778 744 Hiberniae
801 701 877 744 cum
902 682 995 745 omni
1013 680 1093 764 jure
1115 687 1151 744 et
1173 677 1389 762 pertinentiis

273 802 333 842 rore.
435 780 520 856 suia,
546 801 609 864 pro
630 781 863 862 redemptione
884 789 1104 863 peccatorum
1128 787 1336 853 nostrorum,
1355 785 1397 841 et

436 881 543 945 totius
577 883 712 963 generis
739 881 861 957 nostri,
885 887 957 944 tam
988 900 1050 963 pro
1077 881 1167 945 vivis
1193 898 1298 962 quam
1325 897 1388 960 pro

435 980 619 1056 defunctis,
644 988 680 1044 et
701 981 825 1044 amodo
851 980 912 1045 illa
935 1001 957 1044 a
984 981 1065 1044 Deo
1091 988 1127 1045 et
1146 980 1293 1044 ecclesia
1319 978 1388 1042 Ro

433 1100 550 1158 mana,
571 1088 736 1165 tanquam
752 1079 938 1160 feodarius,
959 1081 1164 1163 recipientes
1181 1087 1217 1144 et
1232 1086 1389 1144 tenentes

436 1181 683 1262 inpraesentia
712 1180 892 1263 prudentis
919 1182 986 1246 viri
1015 1180 1228 1262 Pandulphi,
1260 1179 1389 1243 domini

436 1300 537 1364 papae
555 1281 755 1346 subdiaconi
769 1288 805 1344 et
821 1280 1022 1361 familiaris;
1045 1281 1245 1346 fidelitatem
1263 1279 1388 1343 exinde

435 1381 574 1446 domino
594 1401 695 1464 papae
719 1380 885 1463 praedicto
906 1379 1122 1457 Innocentio,
1144 1381 1289 1464 ejusque
1310 1397 1388 1443 suc-

435 1482 630 1546 cessoribus
657 1481 859 1558 Catholicis,
883 1488 920 1545 et
946 1481 1101 1546 ecclesiae
1128 1481 1310 1556 Romanae,
1334 1498 1388 1542 se·

434 1582 584 1645 eundum
613 1581 842 1663 subscriptam
874 1581 1031 1658 formam,
1060 1590 1096 1645 et
1122 1581 1320 1662 homagium
1347 1578 1389 1642 li-

436 1683 531 1762 gium
554 1680 662 1745 eidem
692 1680 848 1757 fecimus
873 1681 964 1745 sicut
984 1682 1020 1744 in
1049 1681 1235 1764 praesentia
1259 1679 1388 1743 domini

437 1800 537 1863 papae
572 1780 749 1858 iaciemus,
783 1800 898 1845 coram
931 1800 971 1845 eo
1005 1781 1280 1864 quandocunque
1313 1798 1389 1842 esse

436 1881 637 1963 poterimus.
690 1880 912 1945 Successores
928 1889 1064 1946 nostros
1082 1881 1125 1945 de
1142 1900 1253 1944 uxore
1270 1886 1390 1943 nostra

437 1981 472 2043 iu
488 1987 691 2062 perpetuum
709 1981 915 2063 obligantes,
934 1989 973 2046 ut
988 1981 1091 2045 simili
1105 1982 1207 2045 modo
1222 1974 1389 2062 ¹pontifici

438 2081 498 2163 qui
517 2100 579 2163 pro
602 2089 756 2163 tempore
776 2081 890 2157 fuerit,
908 2090 942 2147 et
959 2081 1113 2146 ecclesiae
1129 2081 1297 2145 Romanae
1315 2079 1389 2143 sine

438 2180 709 2245 contradictione
741 2182 888 2246 debeant
918 2182 1119 2246 fidelitatem
1148 2189 1326 2264 praestare,
1353 2186 1389 2244 et

437 2280 636 2362 homagium
650 2300 908 2364 recognoscere.

487 2380 569 2445 ‘Ad
594 2382 758 2446 indicium
782 2382 886 2465 hujus
910 2390 1086 2466 perpetuae
1105 2387 1233 2446 nostrae
1255 2381 1388 2462 obliga-

438 2482 542 2546 tionis
565 2489 600 2546 et
622 2482 854 2547 concessionis
877 2483 1037 2547 volumus
1062 2490 1097 2547 et
1120 2483 1326 2558 stabilimus,
1350 2489 1390 2545 ut

436 2582 480 2646 de
502 2583 650 2665 propriis
672 2591 707 2647 et
726 2583 934 2665 specialibus
956 2583 1122 2648 reditibus
1148 2582 1389 2665 praedictorum

436 2701 623 2764 regnorum
660 2691 855 2746 nostrorum
895 2703 959 2766 pro
998 2684 1091 2747 omni
1129 2682 1389 2759 consuetudine,

438 2801 540 2863 quam
562 2802 625 2864 pro
648 2781 733 2864 ipsis
755 2781 867 2846 facere
889 2783 1064 2861 debemus
1081 2783 1180 2848 salvo
1196 2802 1258 2864 per
1274 2783 1390 2846 omnia

438 2882 579 2946 denario
608 2881 642 2946 S.
659 2881 768 2957 Petri,
789 2882 935 2947 ecclesia
960 2883 1121 2948 Romana
1142 2883 1234 2946 mille
1256 2901 1389 2946 marcas

439 2982 681 3062 sterlingorum
704 2983 873 3065 percipiat
895 2985 1095 3048 annuatim:
1119 2984 1230 3066 primo
1247 2983 1282 3046 in
1300 2982 1389 3048 festo

440 3081 476 3146 S.
495 3078 678 3145 Michaelis
703 3083 922 3165 quingentas
943 3091 979 3146 et
1001 3084 1037 3147 in
1063 3082 1199 3147 Pascha
1226 3083 1390 3165 quingen-

439 3191 495 3246 tas
510 3202 519 3261 3
542 3183 782 3264 septingentas
799 3203 862 3266 pro
879 3203 985 3265 reguo
1000 3181 1150 3265 Angliae,
1168 3191 1204 3246 et
1219 3185 1391 3248 trecentas

440 3301 503 3364 pro
526 3301 634 3364 regno
657 3282 856 3348 Hiberniae:
884 3283 991 3347 salvis
1018 3284 1129 3360 nohis,
1150 3290 1186 3347 et
1208 3283 1390 3347 heredibus

442 3384 582 3458 nostris,
596 3383 757 3466 justitiis
771 3385 1000 3461 libertatibus,
1012 3391 1047 3447 et
1063 3384 1237 3466 regalibus
1250 3385 1390 3447 nostris.

442 3483 531 3560 Quae
543 3483 658 3547 omnia
672 3476 809 3570 ²[sicut]
825 3483 1024 3566 supradicta
1038 3492 1132 3561 sunt,
1148 3491 1226 3548 rata
1241 3502 1317 3548 esse
1328 3503 1391 3548 vo-

442 3583 565 3660 lentes,
583 3590 618 3646 et
633 3590 801 3668 perpetua
818 3591 923 3666 atque
940 3584 1050 3662 firma,
1068 3584 1261 3666 obligamus
1279 3603 1343 3648 nos
1358 3591 1394 3648 et

443 3702 658 3748 successores
679 3693 816 3748 nostros
838 3691 960 3748 contra
981 3704 1050 3748 non
1070 3685 1202 3765 venire;
1227 3692 1262 3749 et
1279 3686 1308 3750 si
1329 3703 1392 3748 nos

445 3783 498 3846 vel
514 3784 639 3865 aliquis
659 3801 894 3848 successorum
918 3791 1111 3848 nostrorum
1133 3785 1199 3848 hoc
1222 3792 1394 3850 attentare

444 3884 712 3966 praesumpserit,
742 3883 938 3966 quicunque
959 3883 1063 3949 fuerit
1089 3884 1159 3962 ille,
1186 3885 1252 3948 nisi
1275 3886 1395 3950 admo·

443 3984 537 4046 nitus
553 3983 746 4065 resipuerit,
764 3983 867 4046 cadat
881 4002 902 4046 a
913 3983 994 4067 jure
1011 3985 1120 4067 regni.

479 4253 485 4282 ¹
505 4257 619 4304 ‘summo
630 4252 764 4319 pontifici3'
778 4259 817 4308 M.
825 4259 904 4310 etAr.
930 4261 1016 4321 MSS„
1035 4262 1194 4324 issupplied
1212 4261 1275 4310 from
1293 4262 1397 4324 symer,

478 4324 487 4352 ²
503 4326 565 4376 This
571 4327 652 4391 word,
663 4326 767 4377 omitted
779 4330 804 4378 in
816 4329 851 4379 all
863 4330 904 4380 the
930 4333 947 4383 i.
961 4335 1017 4382 lto.
