3226 5020
425 463 491 550 264
782 481 853 528 ure.
870 481 1018 529 rurvnrr

428 635 626 699 Gilebertus
653 635 779 699 milites
808 636 939 700 nobiles
965 635 1008 698 de
1038 635 1210 710 Marchie,
1233 654 1379 717 quorum

427 755 532 817 supra
552 735 645 799 facta
669 741 723 798 est
747 736 888 812 mentio,
911 754 998 817 quos
1017 734 1092 818 jam
1117 753 1231 798 comes
1251 734 1380 816 Symon

428 834 541 906 edicto
565 835 702 916 publico
727 855 872 916 regnum
890 853 1059 899 evacuare
1077 833 1243 916 jusserat,
1267 852 1382 898 accer-

428 936 514 997 sitos
535 934 664 997 foedere
690 934 755 997 sibi
772 935 903 1018 jungit.
955 927 1153 998 ¹Auxerunt
1180 952 1296 996 eorum
1323 952 1380 996 so-

428 1035 586 1096 cietatem
616 1033 770 1097 Joonues
802 1034 845 1096 de
870 1033 1048 1099 Warenna
1077 1033 1236 1117 Surreyae
1259 1040 1294 1097 et
1314 1032 1381 1096 Su·

429 1134 549 1210 sexiae,
575 1141 610 1197 et
641 1133 837 1200 Willelmns
869 1134 912 1197 de
943 1132 1116 1197 Valentiis
1142 1131 1381 1207 Penbrochiae,

429 1233 584 1310 comites,
602 1233 637 1296 in
653 1233 883 1297 occidentales
906 1241 1022 1315 partes
1039 1232 1179 1296 Walliae
1203 1252 1264 1314 per
1287 1251 1381 1294 mare

429 1332 575 1410 devecti,
593 1340 628 1396 et
645 1331 871 1396 Penbrochiae
888 1332 1113 1414 applicantes

480 1430 605 1495 Comes
640 1433 781 1514 Symon,
819 1451 934 1513 regem
970 1450 1086 1496 secum
1113 1431 1252 1507 ducenS,
1288 1430 1381 1494 Her-

428 1530 574 1595 ior'diam
597 1532 838 1614 proficiscitur,
860 1530 1006 1594 collecta
1031 1550 1136 1594 manu
1157 1530 1273 1594 valida
1294 1549 1382 1612 prae·

392 1643 401 1664 ·
429 1631 540 1695 dictos
582 1632 707 1696 milites
746 1638 905 1712 potenter
945 1630 1132 1712 disponens
1177 1631 1380 1712 opprimere.

431 1729 575 1795 Interim
593 1750 655 1812 per
672 1731 839 1814 quosdam
853 1730 1066 1794 elaboratum
1082 1737 1136 1793 est
1152 1730 1327 1812 praelatos,
1342 1737 1382 1793 ut

429 1831 572 1893 comites
604 1830 801 1894 Leicestriae
834 1837 869 1894 ct
897 1828 1096 1893 Gloverniae
1124 1830 1167 1893 ad
1201 1829 1382 1912 pristinam

430 1929 676 1993 reducerentur
704 1929 890 2008 unitatem3
926 1929 986 1992 sed
1015 1929 1296 2011 nihil'proficere
1319 1948 1382 2011 po·

283 2025 334 2134 )εόξᾶ
360 2053 374 2082 ο
430 2035 581 2092 tuerunt.
634 2027 727 2091 Dum
754 2036 870 2092 autem
897 2028 972 2092 haec
1000 2036 1162 2110 aguntur,
1192 2028 1383 2092 Edwardus

431 2128 523 2192 filius
556 2129 648 2209 regis
681 2129 717 2191 in
750 2136 865 2192 castro
898 2127 1094 2192 Herfordiae
1126 2130 1191 2192 sub
1225 2128 1383 2192 custodia

430 2229 603 2305 detentus,
632 2247 799 2311 equorum
828 2247 930 2291 cursu
961 2247 998 2291 se
1026 2247 1186 2292 exercere
1215 2229 1250 2291 in
1281 2234 1382 2310 prato

430 2328 580 2411 quodam
611 2335 714 2392 extra
745 2328 864 2391 urbem
896 2346 918 2390 a
943 2327 1143 2392 custodibus
1174 2329 1385 2410 permittitur

432 2430 546 2510 gratia
573 2427 768 2511 spatiandi3
801 2427 861 2510 qui
889 2427 1033 2490 tentatis
1060 2426 1216 2509 pluribus
1244 2435 1279 2491 et
1305 2448 1382 2492 cur·
1429 2436 1433 2448 ’

432 2528 538 2591 rende
552 2528 720 2608 fatigetis,
737 2526 875 2591 tandem
895 2546 999 2590 unum
1016 2545 1118 2608 quem
1135 2527 1281 2591 electum
1299 2529 1383 2591 scie·

432 2629 493 2690 bat
523 2627 712 2691 ascendens
739 2626 952 2689 dextrarium
981 2645 1177 2709 urgensque
1205 2646 1282 2690 eum
1313 2627 1383 2690 cal-

433 2727 581 2803 caribuS,
619 2725 819 2790 custodibus
850 2726 1030 2802 valedixit,
1069 2727 1285 2808 transitoque
1318 2726 1383 2788 flu·

433 2827 524 2888 mine
553 2825 645 2908 quod
673 2824 765 2907 Wey
791 2824 928 2902 dicitur,
959 2845 1036 2888 cum
1058 2826 1192 2889 duobus
1218 2826 1385 2889 militibus

435 2934 469 2990 et
494 2935 645 3006 quatuor
663 2924 836 2989 scutiferis
856 2925 1025 3008 propositi
1052 2926 1106 2989 sui
1129 2926 1286 3002 consciis,
1310 2945 1385 2989 ver·

434 3043 494 3086 sus
528 3031 679 3087 castrum
713 3024 757 3088 de
789 3023 992 3106 Wiggemor
1025 3025 1143 3107 dirigit
1171 3026 1238 3089 iter
1271 3045 1384 3088 suum.

436 3123 662 3205 Insequentes
694 3143 775 3188 vero
805 3144 882 3188 eum
913 3125 1085 3201 custodes,
1114 3144 1191 3190 cum
1219 3125 1386 3190 vidissent

437 3223 566 3288 vexilla
594 3224 807 3287 dominorum
838 3224 969 3306 Rogeri
998 3225 1041 3288 de
1075 3224 1321 3289 Mortuo-mari
1351 3232 1386 3288 et

437 3323 568 3405 Rogeri
594 3323 636 3387 de
668 3322 823 3401 Clifford,
852 3323 1023 3387 Eduardo
1048 3325 1084 3386 in
1112 3325 1235 3391 solutis
1266 3311 1385 3406 praesi·

435 3424 528 3486 dium
561 3423 825 3500 occurrentium,
864 3423 975 3486 delusi
1011 3423 1231 3488 Hersordiam
1273 3444 1386 3488 rever-

436 3530 566 3586 tuntur.
621 3523 767 3594 Factum
789 3529 842 3586 est
857 3523 951 3586 istud
972 3523 1008 3586 in
1028 3523 1243 3588 hebdomada
1262 3523 1385 3588 Pente-

436 3631 559 3698 costen,
589 3623 733 3686 consilio
765 3631 800 3686 et
826 3622 997 3686 industrio
1027 3622 1172 3686 militum
1202 3624 1385 3707 praedicto-

296 3748 308 3776 e
354 3747 377 3776 eu
436 3741 523 3785 rum.
576 3721 767 3786 Edwardus
806 3723 914 3804 igitur
952 3741 973 3785 a
1012 3723 1171 3806 custodia
1208 3723 1386 3799 liber-otus

308 3798 369 3876 omno
436 3821 631 3884 coadunato
654 3822 809 3885 exercitu
836 3841 976 3902 magno,
999 3822 1117 3885 multis
1139 3823 1183 3886 ad
1207 3843 1285 3885 eum
1308 3842 1386 3910 con-

362 3897 391 3935 er'
437 3920 634 3997 fluentibus,
662 3921 847 3985 comitatus
872 3921 1388 4003 Herfordensem,Wigornien-

436 4041 519 4096 sem,
547 4020 794 4102 Salopiensem,
826 4019 1042 4084 Cestrensem
1077 4041 1150 4086 suae
1184 4023 1274 4105 porti
1305 4042 1386 4086 con·

735 4251 741 4280 ¹
760 4255 914 4305 ‘Duxerunt
922 4251 939 4316 ς’
951 4255 989 4306 Μ.
1002 4262 1026 4306 et
1037 4256 1084 4307 Ar.
