3180 5026
575 535 755 584 aurnuns.
1094 519 1140 586 85

236 691 340 757 ‘Rex
364 699 480 760 noster
510 695 686 777 pacificus,
710 687 932 760 ¹victorlosns
958 695 995 759 in
1025 694 1243 774 bellismae«

180 791 357 873 gloriosus
397 795 433 857 in
471 814 569 878 pace,
604 815 710 878 super
743 793 859 859 omnia
896 795 1137 863 desiderabilia
1148 771 1282 922 fel'r'ftffor

181 891 431 976 hujusmundi
462 896 594 960 zelatur
621 901 656 959 et
680 902 846 977 procurat
870 913 990 976 pacem
1015 895 1136 978 populi
1147 873 1185 913 ²¹¹⁶
1246 897 1252 910 ’

181 992 251 1056 sui.
304 990 360 1056 Ad
383 999 503 1075 pacem
525 994 644 1077 populi
662 993 811 1077 pertinet
832 987 1013 1076 ²quicquid
1042 995 1136 1076 cogi·

182 1097 250 1168 tat,
273 1092 437 1175 quicquid
458 1093 623 1176 loquitur,
645 1093 809 1176 quicquid
831 1093 924 1175 agit3
959 1100 999 1158 ut
1022 1095 1137 1175 quies·

183 1196 243 1252 cat
260 1193 409 1273 populus
433 1212 529 1270 suus,
552 1193 688 1257 labores
703 1193 827 1257 anxios
849 1200 885 1257 et
901 1212 1058 1256 enormes
1081 1193 1134 1256 in·

182 1297 361 1354 cessanter
394 1292 550 1356 assumit.
602 1290 659 1356 Ad
696 1311 817 1375 pacem
848 1291 968 1375 populi
999 1299 1135 1374 spectat

183 1388 279 1471 quod
301 1391 447 1454 concilia
471 1399 586 1469 vocat,
610 1391 703 1474 quod
730 1390 844 1456 firmat
872 1390 1016 1468 soedera,
1042 1387 1133 1474 qnod

183 1488 356 1552 amicitias
368 1491 486 1573 jungit
502 1498 538 1555 et
553 1492 720 1573 superbos
735 1491 906 1568 humiliat,
923 1490 1017 1573 quod
1031 1482 1043 1520 ³
1049 1509 1134 1572 prae-

183 1586 234 1650 lia
256 1588 419 1667 minatur,
442 1591 535 1673 quod
563 1591 773 1675 principibus
797 1599 944 1656 terrores
966 1589 1132 1654 immittit.

185 1685 245 1751 Ad
268 1705 388 1768 pacem
412 1691 532 1772 populi
556 1697 692 1772 spectat
710 1691 923 1755 immensitas
945 1689 1006 1753 illa
1033 1708 1136 1772 pecu-

184 1785 321 1851 niarum
348 1808 452 1870 quam
477 1789 595 1866 donat,
626 1808 731 1872 qnam
755 1789 888 1872 recipit,
917 1807 1021 1874 quam
1053 1807 1134 1852 con-

184 1895 321 1968 gregat,
337 1906 441 1970 quarn
454 1882 651 1972 *dispergit
696 1889 739 1953 In
755 1873 874 1964 muris,
888 1889 925 1951 in
939 1906 1136 1972 propugna-

184 1985 288 2062 culis,
315 1987 351 2050 in
379 1989 637 2066 munitionibus,
664 1989 700 2052 in
727 1988 875 2066 fossatis,
901 1988 937 2052 in
966 1987 1136 2052 clausuris

184 2085 338 2149 ferarum
359 2093 394 2151 et
411 2088 568 2169 piscium,
591 2094 627 2164 et
648 2088 856 2170 palatiorum
882 2086 1036 2152 aedificiis
1058 2086 1135 2151 nul-

185 2185 243 2249 lus
265 2186 436 2264 subtilior,
452 2187 635 2269 nullusque
653 2187 927 2269 magnificentior
949 2187 1134 2251 invenitur.

190 2283 298 2348 Pater
313 2285 398 2369 ejus,
422 2286 681 2368 potentissimus
703 2307 817 2352 comes
840 2294 875 2351 et
893 2285 1136 2362 nobilissimus,

187 2382 276 2448 fines
297 2403 379 2449 suos
402 2387 611 2468 amplissime
632 2386 814 2465 dilatavit;
842 2386 903 2450 sed
926 2386 1004 2462 iste,
1028 2383 1136 2467 patris

186 2483 413 2550 facultatibus
422 2485 656 2570 superaddens
667 2486 703 2549 in
714 2485 916 2550 fortitudine
928 2503 1050 2548 manus
1065 2503 1137 2550 suae

187 2583 353 2648 ducatum
373 2584 609 2663 Normanniee,
624 2586 787 2651 ducatum
808 2583 1017 2668 Aquitaniae,
1034 2583 1138 2646 duca-

189 2689 264 2747 tum
287 2685 491 2764 Britanniaa,
516 2704 660 2768 regnum
686 2683 837 2767 Angliae,
865 2679 1027 2766 ⁵regnnm
1054 2683 1137 2747 Seo-

188 2783 262 2860 tiae,
284 2803 428 2866 regnum
444 2785 635 2862 Hiberniae,
655 2805 800 2867 regnum
814 2785 965 2861 Walliae,
985 2790 1138 2866 paternae

189 2883 456 2964 magnificentiae
474 2885 594 2950 titulos
611 2884 898 2949 inaestimabiliter
914 2883 1106 2965 ampliavit.

241 2981 394 3047 ‘Nullus
410 2985 621 3050 mansuetior
641 2991 695 3047 est
707 2983 856 3061 afflictis,
881 2982 996 3046 nullus
1018 2981 1138 3046 affabi-

188 3082 257 3145 lior
270 3084 492 3165 pauperibus,
507 3084 621 3148 nnllus
636 3083 887 3166 importabilior
903 3089 957 3146 est
970 3081 1137 3163 superbis.

190 3180 354 3259 Quadam
385 3185 473 3246 enim
504 3184 696 3248 divinitatis
723 3183 874 3263 imagine
899 3200 1034 3263 semper
1067 3200 1139 3244 am·

189 3280 281 3345 bivit
303 3283 495 3364 opprimere
520 3283 704 3357 fastuosos,
730 3300 913 3364 oppressos
937 3281 1079 3361 erigere,
1105 3286 1141 3342 et

190 3379 359 3445 adversus
388 3383 557 3464 superbiae
583 3389 750 3447 tumorem
777 3380 959 3446 continuas
984 3397 1141 3460 persecu·

190 3481 318 3558 tiones,
351 3488 386 3544 et
417 3482 577 3546 exitiales
606 3481 793 3558 molestias,
822 3479 1000 3543 suscitare.
1053 3476 1141 3540 Cum

192 3588 309 3644 autem
323 3579 429 3663 juxta
446 3582 543 3664 regni
557 3580 850 3656 consuetudinem,
867 3580 902 3642 in
918 3576 1141 3641 electionibus

191 3677 361 3742 faciendis
378 3680 574 3762 potissimas
596 3688 631 3745 et
644 3680 902 3763 potentissimas
920 3677 1046 3740 habeat
1062 3694 1142 3757 por·

193 3786 262 3856 tes,
290 3772 428 3844 ⁶babnit
456 3800 592 3864 semper
617 3799 740 3844 manus
768 3779 812 3842 ab
840 3777 932 3841 omni
956 3775 1143 3840 venalitate

194 4037 219 4140 Α·
232 4016 239 4046 ¹
252 4019 262 4047 ‘
269 4020 394 4082 gloriosus
404 4016 418 4080 ;’
430 4021 489 4071 Cod.
500 4021 575 4084 Reg,
586 4021 624 4070 Μ.
636 4024 660 4069 et
717 4015 727 4045 ⁴
743 4016 887 4078 ‘dispargit
897 4011 912 4076 ς’
923 4013 986 4063 ibid.

221 4105 244 4141 ν’
313 4159 319 4171 .
374 4159 379 4170 ,
467 4161 473 4171 ,
576 4160 581 4172 ,
636 4161 641 4173 ,
717 4126 753 4156 oc
969 4125 974 4136 ·
1121 4136 1146 4168 m

194 4156 661 4290 ,osupffissjffflssdnffffik{¹3¹1de
685 4125 1125 4258 Hrmrffiffiffulnmittseca'trlaeiuffiffl

230 4295 241 4325 ³
259 4299 453 4358 ‘praeliantibus
462 4295 476 4358 ς’
488 4299 529 4349 ed.
542 4302 614 4348 1519.
720 4296 730 4328 ⁶
747 4299 856 4348 ‘habuit
865 4303 949 4347 tamen
958 4295 974 4354 ;‘
979 4295 1047 4412 ἑῡὲᾱ.
