3252 5026
629 517 812 566 nnnnnns.
1130 499 1196 565 153

244 675 319 738 sine
336 693 542 757 quocunque
558 666 653 738 ¹luco
671 673 727 739 vel
745 673 1047 757 super-inductione
1067 664 1196 751 fallaci,

244 774 318 838 fieri
348 775 496 840 statuit:
540 774 682 838 alterius
714 774 898 838 schematis
928 773 1100 851 inventast,
1127 793 1196 838 non

245 875 406 939 obstante
430 873 666 958 cujuscunque
695 874 902 939 auctoritate
926 873 1098 956 indigenas
1122 875 1196 938 sive

244 973 459 1056 alienigenae,
491 993 513 1038 a
545 973 648 1055 regiis
675 973 842 1038 ministris
872 974 1037 1038 comburi.
1098 972 1198 1037 Fecit

245 1074 348 1137 etiam
363 1073 437 1138 fieri
451 1073 552 1137 ulnas
569 1072 709 1150 ferreas,
730 1093 817 1156 quas
839 1073 1029 1137 diminuere
1044 1073 1086 1137 de
1103 1072 1197 1136 facili

245 1192 345 1237 nemo
358 1174 478 1256 possit.
531 1171 647 1236 Unam
664 1173 805 1256 insuper
822 1179 994 1236 monetam
1013 1192 1075 1255 per
1087 1179 1196 1237 totam
1210 1189 1334 1229 ananum

1210 1250 1250 1279 one
1258 1238 1345 1288 comaga

247 1280 387 1350 terram,
419 1272 463 1336 ad
496 1290 658 1354 magnam
689 1272 820 1355 populi·
841 1271 1039 1349 utilitatem,
1064 1273 1123 1355 qui
1152 1291 1196 1335 ex
1209 1289 1327 1377 aaran

245 1372 321 1455 ejus
339 1372 540 1436 diversitate
561 1372 784 1453 gravabatur,
801 1372 924 1435 statuit
938 1371 1197 1435 admittendam.
1209 1340 1340 1431 {illidii

246 1471 555 1555 Sophisticationes
576 1490 711 1554 pannos
738 1471 971 1549 vendentium,
990 1471 1050 1553 qui
1074 1491 1119 1535 ex
1144 1490 1199 1534 re·

246 1573 468 1655 percussione
496 1571 675 1635 meliorum
694 1571 859 1648 colorum,
875 1571 931 1634 vel
956 1590 1000 1634 ex
1019 1571 1200 1634 adumbra-

247 1671 341 1735 tione
357 1670 524 1748 locornm,
546 1670 679 1735 colores
705 1670 917 1736 adulterinos
934 1671 1104 1752 gratiores
1123 1670 1199 1733 red·

248 1771 387 1848 dehent,
401 1771 537 1854 penitus
555 1770 716 1835 abolevit.
1304 1852 1308 1859 ⁸

297 1867 355 1934 Ad
378 1869 451 1934 haec
467 1871 571 1934 etiam
588 1869 612 1934 J
615 1869 722 1934 udeeis
738 1871 980 1952 procuratores
998 1871 1199 1954 praeposuit,
1211 1889 1273 1930 nn
1280 1889 1343 1930 aas

248 1971 308 2052 qui
330 1970 419 2034 inter
445 1969 662 2034 Christianos
680 1976 715 2033 et
732 1967 756 2032 J
758 1969 889 2048 udaeos,
904 1970 959 2034 vel
982 1970 1086 2034 etiam
1111 1940 1362 2038 interlltlilic

249 2069 344 2152 ipsos
361 2068 385 2133 J
387 2069 519 2147 udaeos,
535 2069 565 2132 si
588 2067 671 2153 quid
689 2069 838 2151 querelae
856 2078 1059 2151 emergeret,
1076 2068 1200 2134 diffini·
1212 2050 1286 2090 ⁰⁸⁰¹*

248 2176 335 2235 rent.
377 2166 434 2233 Ad
452 2169 642 2234 cohibenda
659 2169 763 2232 etiam
776 2167 897 2232 dolosa
910 2168 934 2233 J
936 2169 1111 2233 udaeorum
1127 2189 1201 2234 ma·

249 2269 479 2346 chinamenta‚
496 2269 619 2333 statuit
636 2268 727 2332 inter
747 2265 964 2332 catholicum
987 2275 1023 2333 et
1039 2268 1202 2333 Judaeum

252 2368 336 2432 nihil
370 2368 458 2432 clam
489 2367 773 2444 contrahendum,
804 2367 865 2430 sed
890 2370 956 2431 suh
988 2368 1202 2451 quorundam

250 2469 448 2532 testimonio
482 2469 526 2532 ad
560 2467 626 2532 hoc
651 2466 926 2549 deputandorum
952 2467 1089 2550 publice
1119 2486 1202 2531 con·

252 2575 383 2632 tractus
406 2567 500 2646 fieri3
532 2587 635 2650 super
664 2567 788 2649 quihus
817 2567 910 2630 trina
936 2559 1203 2631 ²conficerentur

251 2669 392 2750 scripta,
414 2686 562 2751 quorum
587 2685 692 2730 unum
716 2666 808 2749 apud
834 2666 999 2744 fiscarios,
1020 2667 1115 2730 aliud
1137 2667 1201 2731 suh

250 2768 408 2831 custodia
447 2767 512 2830 viri
549 2766 615 2830 lide
651 2765 759 2847 digni,
798 2766 938 2829 tertium
977 2785 1059 2832 vero
1096 2785 1202 2848 penes

251 2865 413 2931 Judaeum
429 2867 632 2930 creditorem
656 2872 833 2945 maneret;
860 2865 896 2928 in
914 2885 983 2947 quo
999 2866 1113 2949 siquid
1131 2866 1202 2930 doli

252 2973 291 3030 ut
308 2967 405 3049 prius
423 2966 713 3042 machinarentur,
738 2984 783 3029 ex
806 2964 935 3047 duplici
958 2967 1202 3030 convinceren-

251 3073 309 3129 tur
330 3065 500 3149 producta
526 3057 721 3148 scriptura.8
773 3063 1006 3129 Christianum
1030 3065 1202 3130 fenerato·

251 3185 321 3228 rem
345 3165 419 3228 lieri
442 3165 629 3248 prohibuit,
652 3171 713 3229 aut
735 3183 942 3247 quacunque
963 3165 1202 3230 conventionis

252 3265 432 3329 occasione
464 3265 558 3329 aliud
588 3263 740 3347 recipere
771 3263 862 3326 ultra
894 3263 929 3326 id
962 3264 1054 3346 quod
1082 3275 1203 3328 mutuo

252 3365 486 3429 concessisset.
550 3363 653 3442 Quod
671 3364 702 3426 si
719 3363 796 3445 quis
813 3361 944 3426 reditus
960 3363 1015 3426 vel
1040 3370 1150 3426 terras
1166 3364 1203 3426 in

252 3465 377 3546 pignus
399 3464 583 3547 acceperit,
607 3463 697 3527 unde
723 3482 874 3526 annuum
901 3462 1096 3545 proveniret
1113 3481 1204 3526 emo·

253 3564 456 3640 Iumentum,
484 3571 623 3646 recepta
655 3569 789 3627 tantum
822 3568 915 3624 sorte
941 3561 1097 3643 obligata
1123 3579 1204 3642 pos·

252 3664 360 3727 sessio
377 3663 503 3727 rediret
520 3662 564 3726 ad
580 3663 767 3737 domiuum,
781 3680 850 3724 non
869 3660 1028 3724 obstante
1046 3662 1204 3743 pactione

253 3763 490 3846 cujuscunque
511 3762 647 3826 termini
670 3761 821 3825 noudum
842 3761 1019 3824 transacti.
1065 3760 1205 3824 Haeret

290 4008 299 4041 ¹
316 4012 389 4061 ‘licto
399 4007 414 4073 ;’
425 4014 465 4062 M.
742 4011 785 4071 ing
796 4009 851 4059 that
864 4009 896 4058 he
913 4010 965 4058 had
980 4010 1090 4071 adopted
1107 4012 1127 4059 it
1142 4011 1206 4060 from

742 4078 785 4127 the
800 4080 976 4129 constitutions
993 4080 1021 4128 of
1032 4079 1075 4129 the
1091 4082 1166 4143 kings
1180 4081 1210 4130 oi

460 4196 464 4202 ,
744 4150 850 4209 France,
868 4150 919 4198 and
938 4150 1060 4211 referring
1079 4155 1104 4199 to
1120 4152 1153 4201 V.
1165 4150 1206 4200 Ol.

289 4209 476 4264 ⁸D'Acnerius
495 4215 583 4264 denies
599 4215 654 4264 that
667 4216 719 4266 this
745 4219 873 4268 Eusebius
902 4219 934 4268 de
960 4218 1092 4280 Lauriere,
1117 4221 1143 4268 in
1166 4220 1206 4269 his

253 4287 304 4334 law
316 4299 371 4334 was
382 4284 433 4335 due
448 4290 473 4334 to
491 4285 612 4348 Richard‚
628 4291 720 4336 essem·
744 4289 809 4337 book
822 4289 1033 4342 ‘ordinationum
1044 4285 1198 4352 Regiarum!

289 4108 300 4142 ²
315 4113 528 4163 ‘consisterentur
537 4109 551 4174 ς’
563 4113 612 4164 Ar.
