3226 5020
419 483 485 550 248
781 493 854 544 ruo.
872 491 1019 541 rarvnrr

422 658 586 725 trecentis
606 654 758 719 millibus
778 652 943 716 librarum
961 646 1218 713 Turonensium
1238 639 1381 728 ¹parva·

423 779 510 836 rum,
533 756 771 841 promissaque
790 751 1009 816 restitutione
1029 757 1198 813 terrarum
1223 746 1267 811 ad
1286 747 1380 811 valo-

424 880 494 924 rem
512 857 637 940 viginti
653 853 798 918 millium
813 852 978 915 librarum
996 850 1105 912 annui
1121 867 1258 924 censue,
1272 846 1381 911 omni·

424 962 489 1025 bus
506 958 608 1022 terris
625 955 661 1018 in
676 973 780 1017 manu
801 951 893 1032 regis
918 949 1131 1013 Francorum
1153 947 1383 1012 existentibus

425 1058 616 1140 resignavit
638 1055 739 1138 plene
765 1059 800 1116 et
823 1070 920 1134 pure.
975 1049 1022 1114 Et
1044 1048 1169 1113 exinde
1190 1049 1382 1113 litterarum

426 1178 566 1223 suarum
589 1150 822 1219 'abbreviavit
841 1150 993 1225 titulum,
1016 1157 1055 1213 ut
1071 1167 1134 1212 nec
1149 1149 1271 1212 ducem
1289 1145 1383 1210 Nor·

428 1259 589 1334 manniae,
616 1274 680 1319 nec
705 1253 864 1318 comitem
894 1248 1124 1331 Andegaviae,
1155 1247 1316 1328 deinceps
1345 1265 1383 1308 se

429 1366 581 1424 vocaret.
633 1353 838 1419 Manfredus
862 1350 953 1414 lilius
979 1348 1151 1412 Frederici
1179 1367 1216 1412 se
1242 1346 1324 1410 lecit
1348 1345 1383 1408 in

428 1479 544 1542 regem
576 1456 704 1520 Siciliae
738 1452 909 1528 coronari,
940 1450 1076 1531 nepotis
1109 1449 1164 1512 sui
1197 1445 1384 1512 Conradini

429 1566 539 1622 morte
561 1556 729 1621 conficta:
754 1571 856 1635 quem
873 1569 965 1633 papa
982 1548 1195 1625 Alexander,
1217 1555 1383 1627 tanquam

430 1659 529 1740 regni
550 1658 755 1727 invasorem,
779 1651 1020 1731 fautoremque
1044 1648 1305 1722 Saracenorum,
1324 1665 1385 1709 ex·

429 1755 713 1828 communicavit,
734 1752 896 1832 omnique
919 1750 1050 1814 bonore
1067 1755 1103 1813 et
1119 1748 1289 1831 dignitate
1306 1765 1385 1809 sen·

431 1859 541 1924 tentia
551 1853 711 1941 judiciali
727 1851 890 1935 privavit.

450 2037 474 2074 D.
490 2036 583 2072 Nube.
682 2032 881 2070 anonumum
894 2033 920 2069 n.
1023 2030 1178 2068 FRANOOBUM
1228 2028 1366 2065 teutonum

438 2093 589 2106 .....--·-

472 2123 567 2160 mcclx.
621 2121 813 2158 rnuxnnunrw.
869 2121 973 2158 mernor
1025 2119 1188 2157 nonovrurrx.
1216 2117 1321 2153 ueneror
1334 2116 1372 2151 ru.

707 2183 733 2230 6.
910 2183 935 2228 ⁵.
1088 2180 1129 2226 al.
1272 2177 1314 2224 ul.

484 2318 508 2384 J
512 2335 715 2384 usrrrrnnn
741 2321 833 2401 regis
860 2319 998 2402 Angliae
1021 2320 1081 2402 qui
1103 2319 1265 2383 dicuntur
1287 2319 1388 2382 itine-

435 2421 495 2498 ris,
506 2422 602 2484 missi
617 2419 860 2484 Herefordiam
876 2439 939 2503 pro
952 2438 1016 2483 suo
1027 2418 1248 2503 exsequendo
1264 2416 1387 2496 officio,

435 2520 672 2604 repelluntur3
700 2520 932 2603 allegantibus
953 2519 1020 2598 bie,
1046 2521 1105 2602 qui
1127 2519 1200 2601 regi
1225 2509 1387 2583 adversa'-

435 2622 573 2697 bantur,
595 2621 690 2703 ipsos
716 2627 838 2684 contra
857 2620 1002 2685 sormam
1027 2619 1270 2684 Provisionum
1294 2619 1389 2683 Oxo-

436 2721 503 2784 niae
529 2739 638 2802 nuper
659 2719 829 2791 saetarum
852 2720 997 2786 venisse.
1051 2719 1242 2784 Florentini
1264 2718 1390 2783 coadu-

437 2821 511 2884 nati
534 2830 573 2883 ut
595 2820 771 2884 civitatem
796 2819 978 2886 Senensem
1005 2821 1233 2895 destruerent,
1258 2838 1280 2883 a
1300 2819 1389 2882 mili·

437 2920 530 2983 tibus
558 2917 733 2982 Manfredi
761 2929 797 2982 et
823 2919 980 2985 Jordano
1005 2922 1142 2997 comite,
1171 2920 1230 3002 qui
1256 2927 1389 3001 partem

437 3018 525 3083 fovit
542 3017 727 3094 Manfredi,
744 3019 949 3099 vincuntur;
975 3028 1147 3104 captaque
1165 3039 1282 3083 corum
1306 3019 1389 3083 civi·

437 3124 511 3182 tate
537 3125 573 3182 et
600 3118 634 3181 in
663 3127 763 3201 parte
793 3119 981 3198 destructa,
1010 3121 1078 3203 ipsi
1107 3118 1258 3184 dominio
1283 3119 1388 3202 subji-

437 3219 575 3282 ciuntur
605 3216 807 3283 Senensium
839 3227 874 3284 et
908 3219 1093 3285 Manfredi.
1145 3219 1242 3284 Inter
1273 3238 1388 3300 regem

440 3319 606 3400 Ungariae
631 3327 666 3382 et
684 3320 836 3383 Boemiae
857 3339 920 3402 pro
942 3321 1147 3404 quibusdam
1166 3320 1265 3384 terris
1283 3338 1389 3400 grave

438 3419 658 3482 commissum
687 3427 741 3483 est
767 3419 937 3502 praelium,
963 3419 1243 3502 fugientibusque
1267 3419 1388 3501 U'nga-

439 3519 498 3583 riis
521 3519 659 3601 plurimi
681 3519 725 3582 de
747 3519 796 3584 eis
819 3519 1021 3584 occiduntur
1038 3520 1175 3601 gladi03
1199 3518 1257 3583 sed
1282 3519 1389 3583 multo

438 3618 555 3701 plures
585 3620 854 3700 submerguntur
887 3621 922 3683 in
958 3619 1077 3696 fluvio,
1108 3639 1209 3703 quem
1244 3620 1391 3682 transire

438 3712 591 3800 oportuit
610 3717 793 3800 fugientes.
847 3719 973 3802 Itaque
990 3740 1071 3802 rege
1094 3719 1247 3784 Boemiae
1271 3718 1392 3800 Ungu-

438 3819 523 3882 riam
545 3819 708 3896 intrante,
727 3838 788 3882 rex
810 3818 1043 3901 Ungariorum'
1073 3829 1183 3885 terras
1206 3826 1391 3901 usurpatas

437 3919 624 3982 restituens
652 3937 772 4001 pacem
801 3917 895 3996 fecit,
921 3928 957 3984 et
979 3919 1150 3986 mediante
1173 3919 1390 3984 matrimonio

438 4018 607 4081 amicitias
622 4019 658 4080 in
673 4017 826 4082 futurum
843 4017 1003 4084 firmavit.

474 4167 481 4198 ¹
500 4167 508 4196 ‘
516 4184 651 4230 parvorum
658 4166 673 4231 ;’
694 4172 755 4220 Cod.
769 4172 850 4233 nega
867 4175 907 4220 ‘et
932 4173 988 4223 MS.
1000 4190 1033 4223 on
1045 4174 1087 4222 the
1100 4174 1272 4224 alterationes
1283 4176 1326 4225 tbe
1337 4177 1393 4224 coin

439 4253 497 4299 gros
507 4239 634 4288 Tournais
648 4241 765 4302 Engluys
776 4257 807 4303 qe
819 4243 906 4291 valent
931 4244 957 4291 in
972 4244 1014 4293 tbe
1031 4244 1090 4293 time
1108 4244 1136 4293 ol
1150 4245 1308 4307 Edward1.,
1324 4246 1392 4308 apud

438 4313 596 4370 verraymeut
603 4315 707 4371 quatere
717 4311 865 4373 euterlingeo
874 4328 904 4361 en
933 4313 1060 4376 Langtoft,
1068 4318 1160 4376 p2238.

439 4379 528 4430 acbute
539 4386 565 4429 et
578 4377 658 4441 vent?
680 4382 794 4444 Hearne,
809 4383 873 4432 from
890 4400 905 4432 a
966 4381 977 4411 ²
992 4380 1153 4445 ‘alienavit5'
1168 4386 1205 4434 M.
