3226 5020
275 649 337 698 stege
345 649 369 688 of

275 700 329 738 Acre
338 701 364 748 by
374 699 410 738 the

275 750 353 788 selden
362 749 386 788 ol

276 799 377 848 Babylon.

280 3243 301 3283 lt
310 3241 329 3283 lr
337 3243 409 3283 taken.

437 460 503 524 318
806 475 879 522 ruc.
896 474 1043 522 rnrvsrr

438 651 515 695 cum
548 651 676 712 magno
709 631 853 694 tendens
891 632 1058 707 exercitu,
1090 632 1125 694 in
1156 631 1233 713 ipso
1264 631 1385 696 itinere

439 731 602 795 moritur:
647 731 747 814 cujus
785 731 876 794 filius
915 730 1088 795 Soldanus
1120 730 1232 795 factus
1268 738 1386 814 coepta

438 831 548 914 patris
567 831 798 912 prosequitur,
819 838 853 894 et
876 831 1051 895 civitatem
1072 828 1197 894 Achon
1215 831 1387 908 obsidens

438 949 460 993 a
487 936 610 1012 quarto
637 931 692 994 die
714 931 841 993 mensis
864 930 952 993 Maii
975 951 1036 1013 per
1064 931 1180 994 decern
1207 932 1279 994 dies
1305 950 1387 994 con-

439 1030 555 1095 tinuos
588 1029 774 1093 fortissime
811 1031 1038 1112 oppugnavit.
1106 1028 1210 1095 Cives
1245 1030 1389 1094 viriliter

441 1131 559 1193 urbem
591 1129 810 1192 defendentes
842 1130 979 1192 interim
1017 1129 1198 1194 thesauros
1231 1149 1313 1193 snos
1348 1149 1389 1194 ao

442 1248 584 1305 merceS,
610 1235 919 1310 sacrosanctasque
952 1228 1127 1311 reliquias,
1157 1249 1256 1293 senes
1284 1230 1388 1294 etiam

443 1337 478 1393 et
498 1329 639 1405 debiles,
658 1328 818 1391 mulieres
839 1335 874 1391 et
895 1329 1072 1410 parvuloS,
1090 1328 1244 1392 fecerunt
1266 1330 1301 1392 in
1321 1329 1388 1412 Cy·

443 1447 542 1510 prum
568 1428 707 1509 navigio
729 1427 914 1510 deportari.
980 1428 1087 1492 Multi
1110 1429 1214 1492 etiam
1233 1436 1305 1493 tarn
1330 1448 1389 1511 pe·

441 1527 531 1591 dites
553 1546 657 1609 quam
683 1528 816 1609 equites
835 1521 1060 1591 ldiscedentes
1087 1527 1131 1590 ad
1159 1528 1388 1592 defensionem

442 1627 594 1691 civitatis
618 1634 753 1691 tantum
779 1626 991 1709 reliquerunt
1007 1627 1187 1690 duodecim
1209 1627 1318 1690 millia
1335 1647 1405 1690 ar-·

442 1734 625 1791 matorum.
678 1725 810 1804 Quinta
833 1725 964 1790 decime
984 1745 1065 1790 vero
1088 1727 1143 1789 die
1168 1727 1294 1790 mensis
1317 1734 1388 1790 tam

442 1844 584 1907 gravem
610 1825 776 1889 dederunt
804 1825 967 1889 Saraceni
1000 1826 1178 1902 insultum,
1207 1827 1298 1909 quod
1333 1809 1405 1890 ces

442 1925 544 1988 dente
567 1924 637 1988 fere
652 1925 743 2006 regis
768 1923 876 2008 Cypri
892 1925 1051 1989 custodia
1067 1926 1243 1989 civitatem
1260 1926 1386 1990 intras·

440 2037 531 2101 sent,
562 2025 628 2088 nisi
662 2025 853 2088 obscuritas
887 2025 999 2089 noctis
1032 2024 1249 2108 alienumque
1279 2025 1387 2090 subsi-

441 2125 534 2187 dium
550 2117 793 2189 ²obstitissent.
841 2124 1000 2207 Denique
1017 2145 1079 2188 rex
1095 2125 1201 2207 Cypri
1216 2132 1318 2189 nocte
1335 2143 1388 2188 se·

441 2225 571 2306 quenti,
603 2224 787 2288 commissa
818 2224 975 2288 custodia
991 2217 1106 2312 ⁸[sua]
1137 2225 1294 2290 ministro
1325 2225 1388 2288 mi-

440 2324 525 2388 litiae
552 2325 673 2388 domus
697 2324 977 2401 Teutonicornm,
1000 2325 1203 2406 promittens
1226 2343 1263 2388 se
1289 2344 1388 2388 mane

442 2424 643 2501 rediturum,
666 2422 801 2505 aufugit
819 2423 855 2486 in
877 2422 1041 2506 Cyprum.
1094 2423 1256 2488 Saraceni
1274 2431 1389 2488 autem

441 2523 598 2589 videntes
621 2523 657 2586 in
677 2523 828 2588 crastino
845 2523 1020 2587 civitatem
1036 2524 1193 2588 custodie
1211 2524 1302 2606 regis
1321 2523 1389 2607 Gy-

442 2624 496 2706 pri
525 2624 739 2701 destitutam,
773 2643 818 2686 ex
847 2631 946 2705 parte
976 2623 1038 2687 illa
1069 2624 1211 2706 impleto
1245 2623 1387 2701 fossato,
1473 2649 1477 2655 ’

441 2723 589 2804 ingressi
625 2729 706 2787 sunt
744 2723 872 2800 urbem,
907 2722 1096 2805 praelioque
1136 2724 1278 2806 ancipiti
1310 2743 1388 2787 cum

443 2821 649 2885 Christianis
672 2822 806 2886 duobus
830 2821 962 2898 diebuS,
991 2842 1082 2885 nuuc
1111 2821 1176 2900 his,
1200 2842 1291 2886 nunc
1319 2823 1388 2886 illis

441 2920 723 3003 praevalentibus,
747 2920 963 2984 dimicarunt.
1031 2922 1153 2985 Tertia
1172 2923 1309 2986 tandem
1335 2921 1390 2986 die

440 3020 651 3102 irrumpente
679 3038 741 3102 per
768 3027 902 3102 portam
934 3022 1045 3084 sancti
1076 3019 1221 3085 Antonii
1245 3021 1389 3086 Sarace-

441 3139 563 3183 norum
577 3119 809 3196 multitudine,
830 3112 1106 3203 *interfectisque
1129 3121 1336 3203 Templariis
1353 3128 1388 3185 et

443 3218 704 3302 Hospitalariis,
731 3221 849 3283 urbem
871 3221 1024 3302 capiunt,
1055 3240 1172 3284 muros
1203 3220 1279 3305 ejus
1309 3240 1387 3284 cum

442 3321 608 3396 turribus
640 3320 872 3402 ecclesiasque
901 3339 978 3382 curn
1011 3320 1168 3383 domibus
1203 3320 1281 3384 aliis
1311 3320 1389 3384 fun-

442 3420 534 3508 ditus
559 3425 764 3483 evertentes.
818 3419 1022 3482 Patriarcha
1046 3439 1141 3496 vero,
1168 3419 1227 3502 qui
1260 3420 1303 3482 de
1332 3440 1389 3483 or·

441 3579 491 3628 For
502 3594 534 3629 en
548 3584 656 3630 account
666 3579 694 3628 of
701 3581 744 3629 the
754 3581 865 3630 removal
876 3580 906 3628 of
964 3575 973 3604 ⁴
989 3579 1042 3627 ‘Et
1052 3579 1146 3627 dieitur
1154 3579 1209 3626 'hoo
1226 3578 1389 3628 infortunium

441 3649 486 3698 ber
502 3649 579 3711 body,
596 3665 638 3700 see
656 3649 750 3700 Chr-on.
769 3651 864 3700 Dunst.
876 3666 903 3711 p.
928 3647 1088 3698 doloriferum
1101 3663 1147 3709 per
1156 3648 1358 3710 Hospitelerinm
1366 3654 1392 3698 et

440 3723 503 3780 2873
523 3719 574 3769 and
592 3719 631 3768 for
646 3720 689 3769 the
709 3735 755 3770 use
774 3726 799 3771 to
818 3721 903 3770 which
927 3718 1126 3780 Templariorum
1143 3718 1296 3767 discordiam
1313 3720 1393 3768 conti·

440 3795 491 3837 two
503 3789 531 3838 ol
539 3790 582 3838 the
593 3803 690 3840 crosses
705 3791 805 3840 erected
817 3796 843 3840 to
859 3791 904 3840 her
929 3789 995 3849 gisse
999 3802 1007 3848 ;
1016 3793 1042 3837 et
1049 3789 1179 3850 praecipue
1190 3793 1292 3850 propter
1301 3789 1390 3838 vitium

439 3873 549 3921 memory
566 3875 634 3910 were
653 3864 709 3923 put,
726 3875 769 3910 see
790 3861 865 3910 Hem.
876 3875 902 3922 p.
927 3858 1122 3920 luxunae,qn0d
1133 3859 1228 3908 ibidem
1234 3863 1391 3920 regnaverat,

439 3933 480 3979 21.
928 3928 954 3975 in
965 3927 1135 3976 confusionem
1147 3929 1209 3977 etin
1226 3933 1329 3978 mortem
1341 3935 1391 3977 tra·

476 4008 483 4038 1
502 4009 726 4074 ‘descendentem’
738 4014 778 4065 Μ,
927 3996 993 4045 didit
1008 3997 1065 4046 illos
1080 3994 1170 4047 Deus!
1186 3998 1281 4047 Dnnst.
1292 4014 1320 4060 p.
1332 4002 1389 4048 ⁵92.

928 4065 1388 4118 ...

475 4195 576 4247 ⁸‘sura’
589 4199 611 4248 is
622 4200 699 4248 taken
712 4200 774 4249 from
788 4202 902 4266 M.‚Ar.,
926 4207 979 4255 tion
996 4173 1109 4270 th'ereon,
1126 4223 1169 4257 see
1189 4209 1266 4256 Hem.
1283 4223 1326 4270 pp.
1343 4213 1388 4258 hl·

439 4266 616 4318 auridum.
926 4279 969 4326 29.
