3226 5020
274 1375 381 1417 navarus

273 1428 379 1468 exereim
386 1440 391 1474 ς

275 2678 309 2716 his
318 2677 367 2717 bold

273 2728 342 2778 spirit.

437 483 503 549 282
796 500 868 549 uic.
892 499 1039 546 saivari

439 677 509 738 gua
537 657 657 732 blaesa,
683 655 738 718 cui
765 647 897 719 ¹tamen
917 653 1040 718 efficax
1062 654 1224 719 facundia
1249 657 1292 720 ad
1316 676 1393 738 per-

438 756 650 820 suadendum
666 755 701 817 in
716 755 819 817 rebus
834 774 903 817 non
920 754 1028 818 defuit
1044 755 1258 836 perorandis.
1303 755 1391 820 Bra·

438 855 592 920 chiorum
611 855 654 918 ad
677 850 933 936 prop'ortiouem
951 855 1105 935 corporis
1123 853 1286 918 flexibilis
1310 876 1388 937 pro·

437 954 566 1031 ductio,
593 955 718 1036 quibus
741 954 927 1017 vivacitate
949 953 1088 1016 nervica
1111 953 1207 1017 nulla
1229 963 1328 1018 eraut
1346 956 1389 1018 ad

437 1074 536 1117 usum
556 1054 664 1134 gladii
681 1053 837 1135 aptiora:
862 1059 983 1135 pectus
1006 1054 1117 1116 ventri
1133 1055 1392 1135 praeeminebat,

437 1154 667 1236 tibiarumque
677 1152 782 1234 longa
791 1152 926 1229 divisio,
936 1171 1102 1234 equorum
1114 1152 1389 1216 nobiliumcursu

436 1260 472 1316 et
489 1253 593 1329 saltu,
610 1252 754 1316 sessoris
772 1251 970 1315 firmitatem
987 1251 1164 1333 prohibuit
1177 1252 1354 1316 infirmari.

488 1351 575 1416 Cum
592 1358 732 1415 vacaret
748 1352 791 1414 ab
803 1351 919 1427 armis,
933 1350 1173 1414 venationibus
1189 1358 1260 1415 tam
1273 1352 1387 1415 avium

435 1470 539 1533 quam
563 1451 711 1515 ferarum
737 1450 951 1530 indulgebat,
972 1456 1008 1512 et
1026 1451 1176 1513 maxime
1196 1470 1388 1526 cervorum,

434 1570 522 1633 quos
539 1552 573 1613 in
590 1551 689 1632 equis
703 1543 919 1612 ²cursoribus
942 1549 1077 1632 insequi
1095 1550 1240 1627 solebat,
1256 1549 1389 1630 gladio·

434 1669 502 1731 que
520 1649 595 1713 vice
614 1648 774 1712 venabuli
790 1648 970 1712 confodere
989 1649 1232 1731 apprehensos.
1277 1648 1389 1727 Quem

434 1750 638 1812 commorari
663 1748 699 1812 iu
728 1749 942 1830 protectione
969 1747 1039 1812 Dur
1065 1748 1225 1812 altissimi
1253 1750 1389 1812 notissi-

435 1868 528 1910 mum
560 1867 637 1911 esse
667 1847 807 1930 poterit,
834 1867 902 1910 non
932 1847 1034 1910 modo
1064 1846 1156 1930 quod
1188 1847 1387 1912 adolescens

435 1966 513 2010 cum
536 1947 645 2011 milite
671 1946 820 2029 quodam
844 1947 879 2008 in
908 1965 1045 2009 camera
1072 1948 1284 2011 testudinata
1308 1947 1388 2011 ludo

435 2047 599 2110 scaccarii
615 2053 817 2127 occupatus,
839 2046 954 2110 subito
977 2046 1074 2110 nulla
1096 2048 1277 2111 occasione
1299 2068 1387 2130 prae·

434 2147 519 2209 stita
544 2147 635 2208 inter
658 2144 845 2208 ludendum
870 2164 1016 2226 surgens
1038 2146 1256 2223 discesserat,
1281 2146 1386 2230 lapis-

435 2265 503 2328 que
531 2246 707 2309 immensae
735 2243 993 2326 magnitudinis,
1021 2246 1082 2328 qui
1107 2245 1282 2310 sedentem
1308 2266 1388 2310 con-

435 2352 646 2428 quassasset,
675 2345 710 2408 in
733 2345 852 2408 eodem
875 2344 951 2408 loco
974 2337 1175 2424 ³ceciderit3
1199 2346 1259 2410 sed
1274 2347 1386 2411 vario·

435 2465 510 2509 rum
534 2445 760 2528 periculorum
785 2463 862 2527 quae
881 2443 1081 2508 multotiens
1103 2445 1259 2522 incurrit,
1277 2444 1386 2532 (utin

434 2546 660 2629 sequentibus
680 2551 802 2607 notare
825 2545 953 2625 poterit
975 2544 1122 2626 diligens
1144 2543 1269 2629 lector)
1290 2547 1384 2609 exitu

435 2644 623 2708 fortunato.
676 2644 794 2707 Inerat
809 2645 840 2706 ei
857 2643 992 2707 animus
1010 2644 1226 2725 magnificus,
1242 2645 1386 2728 injuria-

423 2763 512 2807 ·rum
528 2745 725 2826 impatiens,
741 2742 969 2825 periculorum
989 2744 1145 2807 oblivisci
1162 2764 1289 2826 cogens
1306 2745 1386 2808 dum

436 2837 621 2908 4vindicari
651 2851 804 2924 cuperet,
829 2843 889 2923 qui
919 2850 1034 2906 tamen
1060 2843 1162 2907 facile
1192 2843 1387 2908 humilitate

437 2942 592 3006 exhibita
626 2943 739 3022 potuit
775 2941 931 3004 emolliri.
995 2941 1083 3006 Cum
1112 2944 1202 3006 enim
1235 2950 1388 3026 tempore

438 3040 585 3124 quodam
607 3041 714 3126 juxta
739 3041 913 3121 quandam
945 3042 1106 3124 ripariam
1127 3042 1300 3106 falconum
1326 3063 1386 3106 au-

436 3141 539 3223 cupio
562 3159 599 3205 se
625 3147 813 3218 exerceret,
833 3160 938 3202 unum
962 3139 1005 3204 de
1027 3142 1209 3206 comitibus
1233 3144 1317 3219 suis,
1342 3163 1386 3206 ex

437 3241 548 3304 altera
565 3247 663 3324 parte
681 3240 777 3304 fluvii
793 3240 1024 3321 negligentius
1041 3260 1079 3304 se
1096 3241 1278 3306 habentem
1295 3244 1387 3307 circa

436 3340 617 3418 falconem,
645 3340 704 3422 qui
731 3347 869 3403 anatem
893 3341 984 3402 inter
1012 3341 1136 3404 salices
1163 3343 1386 3424 corripuerat,

437 3442 574 3522 arguit3
602 3447 637 3503 et
667 3440 839 3519 argutioni
872 3439 997 3515 minus,
1028 3447 1068 3502 ut
1092 3440 1285 3518 videbatur,
1309 3442 1387 3505 obe-

437 3540 545 3604 dienti
566 3540 677 3602 minas
699 3539 834 3623 adjecit.
887 3537 938 3602 At
954 3538 1012 3602 ille
1026 3541 1209 3604 attendens
1225 3557 1288 3604 nec
1301 3561 1387 3623 pon·

438 3646 506 3702 tem
530 3658 593 3703 nec
613 3639 739 3703 vadum
764 3638 953 3701 consistere
983 3639 1017 3701 in
1045 3640 1251 3723 propinquo,
1276 3640 1386 3703 facili-

438 3746 511 3802 tate
526 3737 674 3821 quadam
691 3737 880 3819 respondit,
895 3737 967 3800 Sibi
985 3736 1140 3802 sufficere
1156 3739 1247 3820 quod
1266 3760 1325 3803 eos
1343 3740 1386 3802 ab

437 3839 582 3902 invicem
602 3837 730 3901 fluvius
751 3837 944 3901 dividebat:
969 3857 1038 3918 quo
1054 3847 1280 3920 exasperatus
1299 3838 1388 3902 tilius

436 3939 540 4017 regis,
558 3956 684 4018 aquam
702 3937 832 4018 ignotae
848 3935 1090 4017 profunditatis
1107 3938 1284 4018 ingressus
1302 3957 1389 4019 equo

471 4095 480 4126 ¹
497 4093 899 4158 ‘attamen3'Ar.220.ThisMS.‚
960 4095 970 4125 ²
989 4081 1121 4148 ‘cursibus
1132 4095 1146 4160 ;'
1159 4095 1226 4149 D’A.

436 4167 565 4228 generally
582 4182 642 4248 very
661 4170 765 4228 correct,
784 4166 897 4214 unfortu-
959 4199 970 4231 3
986 4197 1145 4251 ‘occiderit-³
1158 4183 1225 4250 m·
1236 4205 1259 4248 et
1271 4201 1351 4249 MSS·

435 4236 521 4296 nately
533 4241 647 4285 contains
658 4236 717 4297 only
728 4236 770 4285 the
785 4237 861 4285 Gesta
872 4236 900 4284 of
1013 4259 1016 4266 ⁴
1131 4238 1138 4262 ’

437 4305 549 4354 Edward
561 4306 584 4356 l.
959 4301 967 4330 ⁴
986 4305 993 4331 ‘
1001 4305 1114 4365 judicari
1123 4300 1139 4363 ς’
1152 4304 1191 4352 M.
1199 4307 1223 4351 el
1234 4300 1282 4352 Ar.
