3226 5020
441 513 511 580 292
813 528 886 576 uro.
903 529 1054 578 rarvurr

444 681 655 757 coronatur.l
712 687 956 754 coronationis
991 688 1203 753 solemnitati
1235 690 1398 754 iuterfue-

446 796 528 854 runt
557 788 679 870 regina
711 795 834 867 mater,
867 786 1070 854 Alexander
1103 788 1285 854 Scotorum
1322 809 1399 866 rex,

445 889 587 973 duxque
604 889 808 965 Britanniae,
828 890 930 952 ambo
952 889 1043 970 regis
1063 889 1197 966 sororii,
1215 910 1291 954 curu
1313 910 1399 972 prae·

446 989 608 1064 latorum,
631 989 792 1053 comitum
815 995 852 1052 et
866 989 1046 1065 baronum,
1068 989 1284 1072 aliorumque
1301 991 1398 1053 nobi·

285 1103 405 1143 Alexander
445 1088 530 1153 lium
555 1087 774 1152 multitudine
798 1087 950 1170 copiosa.
1001 1088 1182 1152 Tricesimi
1204 1089 1295 1154 sexti
1317 1095 1400 1154 tunc

284 1156 308 1193 ol
314 1154 414 1193 scotland

283 1205 434 1295 ⁶⁰⁰irh⁰l¹i⁰a⁸⁸⁰
446 1189 561 1254 aetatis
576 1207 649 1252 suae
664 1187 745 1252 anni
762 1207 826 1251 rex
839 1188 1047 1270 impleverat
1061 1188 1148 1252 duos
1165 1208 1310 1267 menseS,
1328 1190 1399 1272 qui,

284 1259 306 1296 '⁰
348 1266 367 1294 w
404 1281 410 1294 ‘
445 1290 481 1354 in
515 1289 667 1353 crastino
697 1288 931 1353 coronationis
969 1306 1043 1352 suae
1080 1295 1219 1371 recepto
1259 1309 1280 1353 a
1317 1309 1399 1370 rege

445 1389 627 1456 Scotorum
663 1388 838 1470 homagio,
873 1389 987 1470 ipsum
1020 1388 1150 1452 dimisit
1181 1389 1226 1454 ad
1261 1390 1401 1471 propria

444 1489 629 1572 plurimum
666 1486 884 1552 honoratum.
938 1487 1116 1552 Walterue
1150 1488 1192 1552 de
1224 1489 1399 1564 Mertona,

445 1589 617 1672 quondam
649 1587 794 1651 Henrioi
827 1588 1067 1666 cancellariae,
1091 1582 1177 1652 ²hoc
1205 1607 1297 1652 auno
1326 1589 1399 1671 epi·

444 1707 570 1771 scopus
586 1687 626 1752 fit
643 1680 841 1751 Roffensis.³

473 1904 499 1940 1).
512 1906 537 1940 N.
549 1904 603 1940 ,1.0.
701 1903 724 1940 Ρ.
737 1902 900 1938 Romanorum
914 1903 939 1940 lt.
1028 1903 1181 1939 raincourth!
1232 1904 1371 1940 arcionum

722 2051 746 2097 3.
918 2051 941 2096 3.
1094 2053 1119 2097 5.
1287 2053 1311 2098 3.

496 2187 622 2257 Gtsro
650 2190 694 2253 de
719 2189 860 2265 Bierna,
887 2189 923 2252 in
953 2187 1116 2270 Angliam
1141 2188 1295 2266 venienS,
1323 2209 1399 2253 cum

447 2295 538 2354 reste
560 2289 652 2352 circa
679 2289 806 2352 collum
833 2288 877 2352 ad
901 2289 994 2369 regis
1020 2288 1238 2370 praeseutiam
1264 2296 1318 2353 est
1338 2289 1398 2353 de·

445 2388 591 2468 ductus;
625 2388 797 2472 quemad
822 2407 922 2452 suam
944 2381 1024 2450 ⁴rer
1051 2388 1317 2452 misericordiam
1345 2410 1401 2453 re·

446 2489 589 2570 cipienS,
619 2499 729 2554 morte
756 2488 964 2563 condonata,
997 2487 1033 2549 in
1066 2494 1181 2551 castro
1210 2488 1399 2554 Wintoniae

445 2582 525 2671 ⁶per
558 2608 667 2653 annos
701 2589 835 2670 aliquot
868 2586 1035 2651 custodiae
1072 2587 1304 2668 mancipavit;
1339 2590 1399 2670 qui

445 2688 585 2754 tandem
613 2708 675 2770 per
701 2688 793 2769 regis
825 2687 973 2769 gratiam
1000 2685 1087 2750 liber
1111 2686 1156 2751 ad
1185 2688 1325 2769 propria
1350 2689 1398 2752 di-

445 2787 583 2864 missus,
606 2787 678 2869 regi
701 2786 839 2868 Angliae
863 2805 998 2868 semper
1020 2785 1057 2850 in
1079 2794 1256 2868 posterum
1278 2794 1399 2869 gratus

446 2885 583 2950 exstitit
609 2893 644 2949 et
665 2886 786 2950 fidelis
841 2885 920 2952 Rex
949 2885 1138 2969 prinoipem
1158 2885 1310 2964 Walliae,
1337 2889 1396 2970 qui

446 2986 662 3049 coronationi
689 3005 761 3049 suae
783 2984 864 3050 licet
888 2985 1056 3049 invitatus
1083 2985 1195 3050 noluit
1221 2986 1398 3065 interesse,

445 3084 564 3149 vocari
591 3083 673 3148 fecit
703 3105 767 3168 pro
791 3084 953 3165 homagio
983 3085 1049 3148 sibi
1074 3084 1190 3149 debito
1219 3085 1395 3168 faciendo;

446 3184 507 3267 qui
524 3184 657 3266 fingens
679 3204 717 3249 aa
739 3204 808 3248 non
832 3203 954 3248 ausum
976 3181 1141 3265 Angliam
1162 3185 1304 3262 intrare,
1324 3187 1398 3269 qui·

445 3284 589 3348 busdam
610 3284 799 3369 majoribus
821 3284 887 3348 sibi
908 3282 1164 3361 insidiantibus,
1187 3304 1250 3367 pro
1272 3287 1399 3350 securi-

447 3391 519 3472 tate
553 3403 616 3448 sua
650 3383 759 3447 filium
792 3383 884 3465 regis
914 3391 950 3446 et
972 3381 1166 3447 Gilberturu
1197 3382 1397 3450 Gloveruiae

446 3483 618 3561 comitem,
646 3503 687 3548 ac
714 3484 907 3548 Robertum
936 3482 1093 3546 Burnelli
1114 3484 1206 3566 regis
1230 3485 1398 3550 cancella-

482 3703 491 3740 ¹
507 3707 637 3769 Knighton
644 3707 702 3757 telle
710 3707 820 3768 nuthet,
829 3712 855 3757 at
863 3707 906 3755 the
931 3707 992 3756 bant
1008 3708 1121 3757 volentes
1141 3709 1174 3758 ad
1193 3707 1334 3772 placitum?
1362 3713 1397 3763 X.

445 3777 557 3837 banquet
573 3778 648 3840 given
663 3778 690 3825 in
704 3777 801 3826 honour
815 3777 844 3826 oi
856 3777 907 3826 thia
931 3777 1023 3837 script.
1035 3780 1110 3827 2461.
1122 3782 1163 3828 2⁰.

444 3847 502 3910 rite,
524 3861 571 3898 one
594 3846 708 3896 hundred
732 3847 819 3896 horsea
838 3862 906 3896 were
965 3843 1063 3896 ²‘lxm
1076 3861 1142 3896 anno
1152 3848 1296 3910 ;’Ar.220.

443 3916 535 3966 turned
556 3916 635 3978 loose,
656 3921 683 3965 to
705 3917 736 3964 he
761 3916 856 3978 caught
872 3917 906 3977 by
966 3913 976 3943 ³
992 3918 1055 3976 ‘qui
1065 3917 1186 3968 fundator
1199 3925 1239 3969 est
1254 3920 1332 3983 hujus
1349 3922 1400 3972 col-

444 3985 527 4036 whom
541 3985 602 4046 they
612 3986 693 4047 might
700 4000 708 4047 ;
727 3986 778 4034 and
793 3986 848 4034 that
864 3985 906 4034 the
931 3986 992 4047 legii
1003 3981 1019 4046 ς’
1037 4002 1053 4035 a
1064 4001 1132 4036 more
1144 3996 1229 4040 recent
1239 3990 1308 4039 haud
1319 3993 1346 4040 in
1358 3993 1397 4042 M.

444 4051 528 4118 king’e
560 4055 670 4116 brother,
700 4053 828 4114 Edmund,
856 4056 906 4104 and
932 4056 1006 4105 adds.
1025 4057 1096 4105 ‘Hic
1109 4056 1286 4109 fuitfundator
1296 4061 1397 4124 collegii

443 4125 515 4174 other
528 4124 625 4185 nobles,
641 4123 686 4172 did
697 4123 740 4172 the
756 4124 825 4183 lilre3
843 4124 907 4186 also,
931 4125 964 4175 de
976 4126 1076 4175 Merton
1087 4127 1114 4175 in
1126 4128 1228 4178 Oxonin
1235 4127 1255 4193 ;'
1266 4129 1314 4180 Ar.

443 4193 498 4243 that
509 4194 694 4254 ‘aqueductus
708 4193 740 4241 de
752 4193 838 4255 Chepe
850 4207 907 4242 cur·
967 4191 977 4221 ⁴
992 4192 1066 4244 ‘rex’
1081 4197 1103 4245 is
1116 4197 1193 4248 taken
1205 4199 1267 4248 from
1281 4201 1319 4248 M.

442 4264 514 4312 rebat
537 4263 570 4312 de
597 4263 655 4312 rino
684 4262 741 4314 albo
769 4267 795 4311 et
817 4264 904 4324 rubeo,
967 4262 1058 4326 “per
1076 4267 1174 4328 aliquot
1195 4268 1251 4318 dies
1273 4272 1397 4322 custodia

441 4333 509 4382 eleut
530 4331 619 4396 pluvia
637 4346 771 4395 aquarum,
791 4339 817 4382 et
835 4333 905 4384 hibe·
930 4333 1115 4398 mancipatur;'
1128 4336 1176 4386 Ar.
