3204 5028
591 519 776 568 inurens.
1118 499 1167 564 8⁷·

254 676 386 739 Mense
403 673 565 754 Angusto
588 667 782 739 ¹Henricus
804 671 999 754 Anglorum
1022 693 1084 738 rex
1107 689 1241 778 ⁸0·,¹,';⁸⁰’

205 776 296 851 nior,
323 793 399 837 cum
426 771 586 836 Galfrido
613 771 685 836 filio
718 772 805 836 duce
838 773 1097 850 Britannorum,
1124 774 1159 836 in
1173 748 1298 879 {affine

206 873 458 937 Norma'nniam
472 871 724 950 transfretavit3
751 872 808 935 uhi
824 872 1083 936 occurrentibus
1095 873 1161 937 sibi
1240 865 1247 877 '

208 972 291 1035 filiis
309 970 465 1035 Henrico
483 990 564 1052 rege
582 970 723 1054 juniore
740 979 775 1034 et
793 970 946 1035 Ricardo
962 970 1169 1054 Aquitaniae.
1209 977 1212 982 “

206 1071 308 1147 duce,
325 1068 545 1152 progreditur
559 1089 629 1132 una
644 1089 722 1133 cum
743 1071 795 1133 eis
814 1070 858 1133 ad
877 1070 1016 1134 Vadum
1040 1071 1075 1134 S.
1092 1070 1163 1134 Re-

207 1170 318 1250 migii.
363 1168 488 1250 Ibique
510 1187 587 1231 cum
609 1187 691 1250 rege
715 1168 928 1232 Francorum
950 1169 1087 1232 locutus
1109 1177 1164 1232 est

208 1288 252 1332 ea
274 1286 353 1350 quae
375 1266 419 1330 ad
442 1284 562 1348 pacem
585 1274 679 1344 sunt,
697 1275 733 1331 et
751 1268 794 1331 de
813 1268 1030 1348 susceptione
1052 1267 1163 1332 crucis

209 1369 247 1431 in
264 1367 439 1448 obsequiis
454 1364 549 1429 lusu
564 1365 734 1430 Cnnrsrr.
772 1366 860 1430 Inde
872 1385 954 1429 vero
969 1366 1063 1430 misit
1077 1364 1165 1430 Gal·

209 1466 348 1539 fridum,
365 1465 487 1528 ducem
500 1464 702 1542 Britanniae,
717 1464 760 1529 ad
778 1463 1048 1548 expugnandum
1064 1457 1165 1529 'Gui-

211 1567 335 1630 douem
364 1564 590 1641 Leonensem,
615 1565 676 1646 qui
702 1572 825 1647 postea
847 1564 944 1629 veuit
965 1563 1008 1626 ad
1037 1583 1163 1645 regem,

212 1685 251 1728 se
268 1663 421 1746 ejusdem
435 1663 471 1726 iu
483 1663 641 1727 omuibus
657 1664 843 1747 subjiciens
858 1662 1042 1727 voluntati.
1078 1662 1164 1727 Per-

211 1783 299 1846 gens
315 1765 430 1827 antem
450 1781 513 1825 rex
535 1763 571 1825 in
593 1782 721 1845 pagum
744 1762 1008 1839 Bituriccnsem,
1031 1763 1166 1844 accepit

211 1864 248 1926 in
283 1881 387 1926 manu
418 1880 483 1925 sua
512 1870 662 1926 castrum
700 1860 877 1944 Radulphi
911 1861 954 1925 de
980 1861 1093 1939 Dolis,
1129 1868 1166 1928 et

212 1962 320 2026 filiam
342 1961 417 2045 ejus
442 1961 578 2024 unicam
601 1979 678 2024 enm
700 1960 892 2025 hereditate
913 1967 1004 2038 tota,
1021 1962 1104 2043 quia
1120 1959 1166 2023 ad

214 2081 315 2126 suum
334 2060 470 2124 feodum
491 2061 697 2142 pertinebat.
750 2059 976 2124 Isoldunense
991 2080 1073 2125 vero
1091 2077 1167 2122 cas·

213 2169 307 2225 trum
327 2178 348 2222 a
368 2160 567 2235 baronibus
588 2179 734 2241 quorum
752 2157 917 2223 custodiae
934 2167 1009 2222 erat
1023 2159 1167 2241 deputa·

216 2267 304 2335 tum,
326 2260 391 2322 sibi
416 2265 496 2340 post
520 2266 664 2322 mortem
688 2257 817 2322 domini
836 2259 990 2323 oblatum
1013 2260 1169 2340 accipere

215 2360 351 2438 renuit3
376 2359 458 2440 quia
473 2377 541 2420 non
558 2358 660 2421 simul
674 2357 863 2421 offerebant
879 2357 1050 2437 heredem,
1067 2376 1168 2438 quem

216 2458 291 2521 dux
325 2456 537 2538 Burgundiae
569 2456 685 2521 furtim
716 2458 919 2532 abstulerat,
945 2455 1028 2538 quia
1056 2455 1169 2520 fuerat

217 2558 296 2640 ejus
335 2565 515 2637 cognatus
581 2554 743 2622 Castrum
780 2576 863 2620 vero
902 2554 1169 2618 munitissimum

219 2649 429 2720 Turonium³
459 2654 629 2718 redditum
655 2662 708 2720 est
729 2655 761 2718 ei
788 2657 831 2718 ab
857 2655 932 2739 ejus
957 2653 1170 2730 vicecomite,

219 2763 330 2820 totam
362 2755 464 2818 etiam
499 2762 625 2818 terram
665 2755 800 2818 comitis
838 2754 880 2818 da
912 2753 1071 2818 Marchia
1107 2773 1170 2817 rex

219 2855 304 2918 emit
329 2854 395 2916 sibi
417 2873 480 2936 pro
503 2873 566 2917 sex
590 2853 741 2917 millibus
767 2852 864 2916 libris
887 2854 1033 2934 argenti.
1084 2852 1171 2916 Gas-

218 2961 311 3018 trum
339 2973 420 3016 vero
441 2953 548 3037 juxta
571 2953 747 3017 civitatem
771 2946 1016 3028 Lemovicum,4
1041 2952 1077 3015 in
1102 2971 1171 3033 quo

220 3053 257 3116 S.
283 3052 456 3116 Martialis
495 3053 689 3134 requiescit,
726 3051 898 3115 Ricardus
938 3052 1029 3115 filius
1067 3052 1171 3133 regis

221 3152 297 3215 dux
313 3151 523 3232 Aquitaniae,
545 3151 690 3215 abstulit
712 3151 905 3216 vicecomiti
925 3151 1078 3233 ejusdem
1098 3169 1174 3214 cas-

222 3252 281 3327 tri,
313 3251 395 3332 quia
422 3250 509 3314 fovit
538 3258 656 3333 partes
688 3250 824 3314 comitis
843 3250 1173 3332 ¹Engolismensium

221 3357 344 3415 contra
361 3350 494 3414 ducem.

275 3449 373 3512 Sicut
399 3449 434 3511 in
461 3455 582 3513 aestate
602 3468 730 3530 magna
757 3449 908 3525 siccitas,
934 3448 1040 3512 sicin
1065 3445 1175 3512 hieme

222 3549 377 3612 maxima
392 3548 572 3611 inundatio
589 3547 655 3611 fuit
670 3567 847 3631 aquarum.
902 3547 1006 3611 Multi
1020 3546 1176 3611 homines

224 3649 291 3712 hoc
308 3667 413 3725 anno,
438 3647 530 3710 circa
551 3646 676 3710 festum
697 3647 732 3712 S.
750 3646 910 3724 ioannis,
927 3648 962 3710 in
978 3646 1176 3711 fluminibus

223 3748 412 3831 perierunt.
465 3746 589 3810 Multae
616 3748 720 3811 etiam
747 3766 854 3811 naves
883 3747 1070 3810 submersae
1095 3750 1177 3808 sunt

262 3935 270 3966 ¹
287 3939 344 3985 ‘En
361 3939 385 3986 le
399 3942 481 3999 temps
495 3939 544 3987 cist
558 3939 597 3988 rei
607 3939 689 3986 Henri
714 3940 789 4002 good,
801 3955 830 3989 as
839 3940 870 3988 hc
882 3939 905 3988 is
913 3953 941 3988 so
951 3937 1033 3987 called
1043 3938 1076 3998 by
1088 3935 1123 3986 all
1134 3936 1177 3985 the

226 4006 345 4057 Secound
371 4009 446 4056 estoit
473 4008 572 4057 famous
592 4008 689 4056 Mestre
715 4011 790 4059 MSS.
803 4009 913 4058 iniraad
926 4023 966 4057 au.
979 4011 1053 4056 11⁷9.

225 4077 690 4138 JohanBeleth,quifistunlivrctres
748 4109 813 4161 ,Th
829 4111 859 4160 t.
895 4111 932 4160 ,T
1044 4103 1059 4137 ρ
1072 4104 1128 4157 M
1152 4107 1177 4153 in

225 4149 277 4196 bon
294 4146 326 4194 de
344 4147 428 4196 cilices
444 4146 477 4196 de
495 4147 562 4196 seint
579 4141 690 4208 Eglisc?
715 4127 830 4232 themma
839 4126 885 4229 ξ’
933 4123 1051 4170 uoennae’
1133 4141 1139 4156 ⁸

228 4217 281 4266 Old
293 4216 392 4264 French
403 4217 574 4266 Translation.
822 4197 838 4243 Β
868 4215 874 4231 “

261 4283 466 4335 '‘Guiomarum
475 4287 490 4346 ;'
502 4285 563 4336 Aa:
575 4284 660 4334 which
668 4285 691 4332 is
750 4279 762 4311 ⁴
780 4282 907 4343 Limoges.
