3226 5020
434 497 502 563 330
788 513 860 560 ruo.
886 511 1036 560 rmvnrr

434 689 496 751 per
515 689 575 734 eas
600 668 822 745 concordata,
847 670 882 732 in
907 668 1074 733 fidelitate
1098 669 1195 750 regia
1215 689 1253 734 se
1278 671 1387 734 adim·

434 770 606 852 platnrnm
642 769 841 852 spopondit.
915 767 1074 852 Moxque
1104 769 1202 833 miles
1236 770 1386 852 quidam,

435 871 573 934 nomine
590 869 771 934 Galfridus
793 870 835 934 de
854 868 1056 950 Langeleia,
1073 869 1115 933 de
1141 869 1273 934 familia
1300 871 1388 935 Ead-

434 971 554 1035 mundi
583 970 701 1035 fratris
730 969 822 1051 regis
853 967 1006 1050 Angliae,
1034 989 1114 1034 cum
1141 969 1265 1035 litteris
1296 973 1387 1052 regis

436 1071 650 1134 Francorum
678 1069 924 1134 revocantibus
950 1070 1246 1134 constabularium
1276 1071 1386 1134 Fran-

433 1170 508 1248 ciae,
531 1172 691 1252 quicum
716 1171 872 1234 exercitu
897 1169 1073 1252 profectus
1097 1170 1212 1235 fuerat
1233 1178 1272 1235 ut
1292 1171 1385 1236 Vas·

433 1272 567 1334 coniam
590 1278 822 1353 expugnaret,
850 1270 977 1333 missus
1008 1277 1061 1335 est
1085 1271 1129 1334 ad
1153 1289 1243 1334 cum.
1305 1271 1385 1336 Rex

433 1371 538 1435 etiam
564 1369 705 1453 Angliae
734 1370 932 1434 Cantuariae
954 1370 1206 1436 solemnitatem
1232 1370 1385 1436 Pascha·

433 1471 500 1534 lem
530 1471 655 1549 tenuit,
687 1470 812 1534 ibidem
837 1477 875 1535 ut
904 1469 1085 1534 Ambianis
1112 1470 1386 1553 proficisceretur

433 1578 642 1653 exspectans
663 1571 798 1635 litteras
816 1570 858 1634 de
876 1569 1060 1635 conductu.
1111 1571 1135 1634 J
1138 1591 1266 1643 oannes
1280 1573 1384 1636 etiam

433 1671 475 1734 de
494 1670 590 1753 Lacy
608 1671 753 1735 clericus
778 1671 965 1753 praedictus
983 1671 1020 1733 in
1037 1669 1249 1736 Vascouiam
1272 1679 1383 1736 trans·

433 1771 559 1835 missus
587 1778 650 1848 est,
680 1789 757 1833 cum
785 1771 902 1835 littera
928 1771 1094 1835 ministris
1126 1772 1219 1854 regis
1244 1771 1383 1854 Angliae

432 1871 577 1944 directa,
596 1871 785 1934 secundum
805 1870 951 1934 formam
969 1872 1181 1952 praedictam.
1227 1870 1383 1937 loannes

433 1991 516 2034 vero
544 1970 586 2034 de
617 1970 748 2034 Sancto
778 1969 928 2048 Joanne,
960 1990 1061 2053 quem
1095 1991 1157 2035 rex
1190 1970 1384 2054 Anglorum

432 2070 619 2136 Vaseoniae
634 2070 861 2153 praefecerat,
872 2070 999 2135 auditis
1015 2071 1127 2154 pactis
1147 2072 1253 2146 initis,
1269 2075 1385 2136 omnia

432 2190 510 2252 quae
540 2171 583 2234 ad
610 2171 817 2235 munitiones
844 2179 1035 2235 castrorum
1064 2180 1099 2236 et
1123 2174 1256 2236 urbium
1281 2167 1382 2255 ¹pro·

432 2271 567 2336 viderat
592 2261 760 2345 vendidit,
781 2272 1029 2353 discedensque
1050 2293 1112 2355 per
1135 2272 1288 2336 Parisios
1306 2293 1383 2338 ver·

267 2389 405 2450 sparena
432 2391 491 2436 sus
516 2369 679 2453 Angliam
705 2373 772 2435 iter
794 2391 894 2438 suum
922 2371 1060 2437 direxit.
1120 2372 1166 2437 Et
1188 2392 1280 2450 ecce,
1302 2394 1382 2456 pro-

267 2441 418 2530 ἷῖῗὶιῖἷῖῗω
432 2480 575 2536 curante
598 2473 693 2554 pacis
720 2473 858 2549 aemulo,
882 2472 1101 2536 immutatum
1130 2479 1183 2537 est
1204 2493 1264 2537 cor
1290 2475 1381 2555 regis

432 2573 658 2649 Francorum,
691 2572 949 2654 conductusqua
982 2573 1073 2654 regis
1110 2571 1248 2655 Angliae
1278 2573 1381 2638 dene-

431 2680 545 2753 gatur,
579 2680 614 2736 et
645 2672 764 2735 littera
792 2672 1039 2736 constabularii
1073 2672 1290 2738 revocatoria
1320 2693 1382 2756 per

429 2771 654 2854 posteriorem
689 2772 843 2835 litteram
874 2773 1043 2851 irritatur,
1075 2781 1110 2838 et
1145 2785 1207 2854 per
1240 2781 1380 2838 consta-

430 2871 602 2935 bularium
637 2870 849 2935 Vasconiam
884 2873 919 2934 in
949 2891 1055 2936 manu
1088 2874 1222 2955 potenti
1252 2874 1381 2937 intran-

430 2980 512 3048 tem,
539 2971 741 3034 custodibus
768 2979 803 3037 et
825 2971 991 3037 ministris
1013 2973 1120 3056 juxta
1142 2981 1296 3038 tenorem
1324 2973 1380 3038 lit·

429 3079 514 3134 tarae
540 3078 734 3153 apportatas
768 3091 806 3135 se
828 3072 1068 3150 subdentibus
1093 3074 1129 3136 in
1161 3092 1265 3138 manu
1290 3075 1382 3156 regis

431 3171 644 3235 Francorum
684 3172 853 3254 accipitur
892 3178 985 3236 terra
1022 3181 1120 3253 tota;
1165 3174 1381 3256 ministrique

429 3290 548 3336 omnes
581 3272 673 3353 regis
703 3270 845 3354 Angliae
883 3278 1053 3355 terraeque
1085 3273 1258 3351 custodes,
1291 3275 1380 3338 obsi-

428 3371 489 3435 des
516 3378 552 3436 et
574 3373 704 3454 captivi
734 3371 890 3436 Parisios
918 3372 1142 3437 deducuntur.
1196 3373 1284 3438 Post
1309 3374 1382 3437 dies

429 3479 543 3536 tamen
574 3471 709 3555 aliquot
740 3471 964 3536 Eadmundus
997 3475 1135 3555 reginas
1168 3475 1316 3556 rogavit,
1343 3482 1382 3537 ut

424 3571 531 3655 juxta
561 3591 625 3635 sua
653 3572 825 3653 promissa
851 3579 886 3636 et
911 3574 1090 3653 pactiones
1121 3574 1238 3652 initas,
1264 3593 1380 3656 regem

430 3672 589 3737 Franciae
611 3672 873 3756 interpellarent
893 3691 997 3755 super
1020 3674 1193 3738 conductu
1218 3674 1292 3756 regi
1311 3673 1382 3738 An·

428 3772 509 3853 gliae
535 3772 767 3849 concedende,
791 3773 955 3837 citatione
980 3775 1186 3851 revocanda,
1213 3781 1306 3838 tarra
1328 3795 1380 3838 re-

429 3873 616 3949 stituenda,
647 3881 682 3937 at
713 3872 891 3937 obsidibus
924 3872 1119 3938 liberandis.
1186 3874 1266 3938 Rex
1300 3895 1381 3938 varo

429 3973 641 4037 Francorum
664 3992 725 4056 per
741 3973 910 4065 quosdam
929 3974 1067 4051 milites,
1085 3973 1209 4039 missos
1231 3974 1274 4038 ad
1293 3975 1380 4039 Ead-

632 4211 639 4242 ¹
658 4215 820 4276 ‘providerat
828 4210 844 4276 ς’
863 4217 974 4278 wanting
986 4217 1012 4264 iu
1024 4215 1063 4266 M.
1076 4216 1127 4266 and
1135 4215 1182 4266 Ar.
