3180 5026
415 477 485 550 ‘44
805 497 878 546 κισ.
894 497 1042 544 rnrvnrr

438 655 601 719 Caesarea
631 652 797 736 Philippi,
825 658 907 718 eta
938 652 1119 718 Saracenis
1144 659 1248 734 capta
1279 659 1315 716 et
1335 652 1392 715 de-

437 761 572 820 structa
597 754 763 828 totaliter,
794 761 921 836 praeter
949 754 1025 837 ejus
1050 753 1272 816 munitionem
1297 752 1391 833 prin·

437 853 595 936 cipalem.
648 853 729 917 Rex
761 853 996 929 Baldewinus,
1022 851 1156 917 insidiis
1181 851 1394 914 circumven-

439 961 508 1028 tus,
538 953 598 1016 vix
623 953 759 1031 evasit;
797 953 964 1035 illataque
992 961 1046 1017 est
1077 959 1214 1033 strages
1239 950 1393 1014 maxima

440 1051 658 1116 Christianis.

492 1503 731 1608 Faununrcus
770 1546 967 1626 imperator,
998 1543 1107 1626 Alpes
1142 1551 1221 1626 post
1254 1543 1391 1607 Pascha

441 1642 624 1720 transiens
644 1644 778 1708 obsedit
794 1643 1050 1720 Mediolanum;
1081 1651 1128 1721 et,
1150 1649 1230 1725 post
1251 1643 1391 1724 longam

440 1742 662 1820 obsidionem,
685 1743 820 1807 reddita
844 1745 928 1806 urbe
956 1744 1176 1826 acceptisque
1201 1741 1390 1818 obsidibus,

440 1841 610 1923 disposuit
624 1842 668 1905 ad
684 1843 939 1924 oppressionem
952 1843 1119 1907 Willelmi
1133 1843 1225 1924 regis
1246 1835 1390 1904 ¹Siciliae

440 1940 636 2023 procedere,
654 1949 757 2023 prout
774 1941 849 2024 ipse
866 1949 901 2005 et
919 1941 1086 2005 Emanuel
1103 1942 1290 2023 imperator
1302 1939 1390 2003 Con-

277 2081 383 2121 1,„„„
441 2040 772 2123 stantinopolitanus
803 2041 893 2104 inter
924 2061 961 2105 se
990 2041 1229 2104 condixerant.
1294 2039 1390 2103 Mor-

276 2129 429 2228 fflwfl
441 2146 502 2203 tuo
535 2138 706 2217 Galfrido,
734 2139 840 2203 fratre
872 2140 964 2222 regis
996 2139 1148 2222 Angliae‚
1183 2140 1240 2221 qui
1274 2158 1389 2203 comes

275 2230 395 2322 ζξξᾶξξέ·
442 2237 675 2303 Nannetensis
701 2247 788 2316 erat,
809 2239 973 2303 Gonanus
995 2240 1068 2303 dux
1091 2240 1282 2303 Britannice
1307 2239 1391 2302 civi-

440 2344 546 2402 tatem
566 2337 602 2402 N
603 2339 798 2402 anneticam
814 2340 1006 2421 occupavit.

275 2458 389 2500 interview
491 2437 678 2516 Henricus,
689 2458 752 2502 rex
763 2436 1095 2518 Anglorum,mense
1105 2437 1266 2520 Augusto
1280 2445 1389 2501 trans·

274 2509 414 2608 diffidam
439 2536 580 2602 fretavit
605 2539 640 2600 in
665 2537 927 2616 Normanniam,
950 2537 1211 2619 collocutusque
1234 2545 1287 2602 est
1310 2556 1386 2600 cum

276 2609 400 2649 ΜΝ
439 2656 520 2718 rege
537 2637 761 2713 Francorum,
783 2655 886 2718 super
903 2636 1044 2700 fluvium
1060 2630 1218 2712 ²Etham,
1234 2636 1277 2700 de
1290 2655 1386 2718 pace,

439 2742 474 2798 et
503 2734 721 2799 matrimonio
757 2735 992 2799 contrahendo
1028 2736 1117 2799 inter
1146 2736 1254 2799 filium
1287 2754 1388 2798 suum

440 2834 631 2898 Henricum
662 2841 698 2898 et
724 2833 960 2916 Margaretam
989 2834 1095 2898 filiam
1122 2835 1213 2916 regis
1235 2834 1387 2898 Franco·

438 2954 526 3010 rum,
551 2934 784 3016 praestitisque
807 2932 886 2996 binc
901 2933 981 2997 inde
996 2953 1100 3017 super
1115 2933 1180 2997 hoo
1195 2952 1389 2997 sacramen-

439 3033 494 3109 tis,
524 3052 586 3097 rex
605 3032 744 3114 Angliae
767 3033 862 3096 venit
892 3031 1201 3115 Argentomagum,
1227 3034 1286 3096 ubi
1307 3051 1388 3096 con·

439 3151 569 3197 vocans
591 3132 794 3209 exercitum,
817 3131 987 3214 disposuit
1013 3132 1177 3196 invadere
1207 3131 1385 3196 Conanum

438 3232 558 3296 ducem
577 3231 781 3308 Britanniae,
803 3250 866 3312 pro
883 3231 1061 3296 invasione
1082 3231 1288 3295 Nanneticae
1304 3231 1388 3294 civi-

439 3330 533 3396 tatis.
581 3331 725 3395 interim
743 3349 837 3407 vero,
860 3350 921 3412 per
943 3350 1058 3412 regem
1078 3331 1290 3394 Francorum
1306 3351 1388 3394 evo-

437 3436 548 3505 catus,
571 3449 649 3494 cum
672 3428 793 3512 paucis
816 3430 911 3494 venit
936 3424 1119 3507 ³Parisios,
1143 3437 1178 3494 et
1201 3431 1387 3494 inaestima-

437 3528 498 3592 bili
525 3528 654 3593 honoro
675 3548 697 3593 a
720 3549 801 3610 rege
827 3528 1016 3602 Lodovico,
1042 3537 1077 3593 et
1102 3529 1306 3594 Constantia
1332 3549 1387 3592 re·

438 3629 531 3709 gina,
549 3629 715 3710 regnique
732 3629 930 3710 proceribus
947 3634 1002 3692 est
1018 3636 1195 3711 exceptus.
1236 3627 1388 3691 Rediens

438 3735 554 3792 autem
572 3728 676 3792 filiam
700 3727 792 3808 regis
809 3727 1021 3792 Francorum
1041 3747 1158 3791 secum
1179 3727 1292 3803 duxit,
1312 3727 1387 3791 Ro·

438 3825 603 3908 bertoque
621 3827 663 3890 de
680 3825 907 3908 Novoburgo,
924 3828 999 3890 viro
1016 3827 1121 3891 nobili
1136 3833 1171 3890 et
1189 3825 1294 3902 fideli,
1316 3833 1388 3890 tra·

272 3948 374 3998 seona,
387 3948 425 3988 aa
437 3925 524 3989 didit
547 3924 772 3990 nutriendam.
826 3924 948 3990 Mense
964 3945 1045 3990 vero
1068 3925 1273 4008 Septembri,
1295 3944 1388 3988 nono

270 3997 424 4095 {iiibi‘iffl
436 4024 502 4086 cal.
521 4022 693 4098 Octobris,
716 4031 820 4088 natus
842 4032 896 4088 est
911 4025 984 4106 regi
1006 4025 1108 4101 filius,
1131 4044 1231 4107 quem
1248 4024 1388 4088 vocavit

272 4099 329 4147 Sept.
340 4099 372 4138 2³.

471 4203 479 4236 ¹
496 4207 504 4234 ‘
516 4201 627 4266 sicilie:
639 4207 742 4257 omitted
754 4208 780 4256 in
791 4203 859 4258 D‘A.
958 4205 968 4236 ³
979 4210 1024 4258 All
1035 4209 1076 4257 the
1090 4209 1164 4259 MSS.
1178 4208 1229 4257 and
1240 4203 1309 4258 ΠΛ.
1322 4207 1386 4256 have

471 4272 666 4338 ’‘Etum5’M.
770 4350 775 4361 Ι
921 4279 1078 4330 ‘Parisios'
