<?xml version="1.0" encoding="UTF-8"?>
<!DOCTYPE html PUBLIC "-//W3C//DTD XHTML 1.0 Transitional//EN"
    "http://www.w3.org/TR/xhtml1/DTD/xhtml1-transitional.dtd">
<html xmlns="http://www.w3.org/1999/xhtml" xml:lang="en" lang="en">
 <head>
  <title>
</title>
<meta http-equiv="Content-Type" content="text/html;charset=utf-8" />
  <meta name='ocr-system' content='tesseract 3.04.00' />
  <meta name='ocr-capabilities' content='ocr_page ocr_carea ocr_par ocr_line ocrx_word'/>
</head>
<body>
  <div class='ocr_page' id='page_1' title='image "./fnicholaitrivet00socigoog/fnicholaitrivet00socigoog_0140.png"; bbox 0 0 3204 5028; ppageno 0'>
   <div class='ocr_carea' id='block_1_1' title="bbox 447 509 1049 574">
    <p class='ocr_par' dir='ltr' id='par_1_1' title="bbox 447 509 1049 574">
     <span class='ocr_line' id='line_1_1' title="bbox 447 509 1049 574; baseline -0.007 0"><span class='ocrx_word' id='word_1_1' title='bbox 447 509 512 574; x_wconf 85' lang='lat'><strong>108</strong></span> <span class='ocrx_word' id='word_1_2' title='bbox 812 525 886 573; x_wconf 79' lang='lat' dir='ltr'><strong>uro.</strong></span> <span class='ocrx_word' id='word_1_3' title='bbox 902 523 1049 572; x_wconf 79' lang='lat' dir='ltr'><strong>rarvnrr</strong></span> 
     </span>
    </p>
   </div>
   <div class='ocr_carea' id='block_1_2' title="bbox 285 677 1492 4060">
    <p class='ocr_par' dir='ltr' id='par_1_2' title="bbox 446 677 1402 1062">
     <span class='ocr_line' id='line_1_2' title="bbox 446 677 1398 766; baseline -0.001 -20"><span class='ocrx_word' id='word_1_4' title='bbox 446 685 537 746; x_wconf 88' lang='lat' dir='ltr'><strong>inter</strong></span> <span class='ocrx_word' id='word_1_5' title='bbox 554 683 624 746; x_wconf 87' lang='lat' dir='ltr'><strong>alia</strong></span> <span class='ocrx_word' id='word_1_6' title='bbox 639 683 846 747; x_wconf 90' lang='lat' dir='ltr'><strong>mentionem</strong></span> <span class='ocrx_word' id='word_1_7' title='bbox 863 682 956 760; x_wconf 88' lang='lat' dir='ltr'><strong>facit,</strong></span> <span class='ocrx_word' id='word_1_8' title='bbox 974 681 1034 765; x_wconf 94' lang='lat' dir='ltr'><strong>qui</strong></span> <span class='ocrx_word' id='word_1_9' title='bbox 1052 684 1193 766; x_wconf 86' lang='lat' dir='ltr'><strong>scripsit</strong></span> <span class='ocrx_word' id='word_1_10' title='bbox 1212 677 1398 761; x_wconf 86' lang='lat' dir='ltr'><strong>¹Mariale;</strong></span> 
     </span>
     <span class='ocr_line' id='line_1_3' title="bbox 447 782 1401 865; baseline 0.001 -19"><span class='ocrx_word' id='word_1_11' title='bbox 447 783 612 865; x_wconf 83' lang='lat' dir='ltr'><strong>adjiciens</strong></span> <span class='ocrx_word' id='word_1_12' title='bbox 644 782 736 864; x_wconf 91' lang='lat' dir='ltr'><strong>quod</strong></span> <span class='ocrx_word' id='word_1_13' title='bbox 773 784 889 864; x_wconf 82' lang='lat' dir='ltr'><strong>imago</strong></span> <span class='ocrx_word' id='word_1_14' title='bbox 921 782 1089 864; x_wconf 82' lang='lat' dir='ltr'><strong>Virginis,</strong></span> <span class='ocrx_word' id='word_1_15' title='bbox 1121 783 1232 847; x_wconf 84' lang='lat' dir='ltr'><strong>fracto</strong></span> <span class='ocrx_word' id='word_1_16' title='bbox 1261 783 1401 847; x_wconf 89' lang='lat' dir='ltr'><strong>brachio</strong></span> 
     </span>
     <span class='ocr_line' id='line_1_4' title="bbox 448 881 1402 964; baseline 0.001 -20"><span class='ocrx_word' id='word_1_17' title='bbox 448 883 558 964; x_wconf 90' lang='lat' dir='ltr'><strong>parvi,</strong></span> <span class='ocrx_word' id='word_1_18' title='bbox 575 890 690 946; x_wconf 89' lang='lat' dir='ltr'><strong>vestes</strong></span> <span class='ocrx_word' id='word_1_19' title='bbox 713 901 795 945; x_wconf 90' lang='lat' dir='ltr'><strong>suas</strong></span> <span class='ocrx_word' id='word_1_20' title='bbox 819 881 973 947; x_wconf 84' lang='lat' dir='ltr'><strong>divulsit.</strong></span> <span class='ocrx_word' id='word_1_21' title='bbox 1024 881 1161 947; x_wconf 89' lang='lat' dir='ltr'><strong>Asserit</strong></span> <span class='ocrx_word' id='word_1_22' title='bbox 1178 884 1283 947; x_wconf 90' lang='lat' dir='ltr'><strong>etiam</strong></span> <span class='ocrx_word' id='word_1_23' title='bbox 1306 902 1343 946; x_wconf 90' lang='lat' dir='ltr'><strong>se</strong></span> <span class='ocrx_word' id='word_1_24' title='bbox 1366 889 1402 946; x_wconf 92' lang='lat' dir='ltr'><strong>et</strong></span> 
     </span>
     <span class='ocr_line' id='line_1_5' title="bbox 448 980 1215 1062; baseline 0.003 -18"><span class='ocrx_word' id='word_1_25' title='bbox 448 983 665 1062; x_wconf 88' lang='lat' dir='ltr'><strong>sanguinem,</strong></span> <span class='ocrx_word' id='word_1_26' title='bbox 681 989 716 1045; x_wconf 91' lang='lat' dir='ltr'><strong>et</strong></span> <span class='ocrx_word' id='word_1_27' title='bbox 730 989 861 1045; x_wconf 90' lang='lat' dir='ltr'><strong>vestem</strong></span> <span class='ocrx_word' id='word_1_28' title='bbox 878 980 1062 1059; x_wconf 83' lang='lat' dir='ltr'><strong>divulsam,</strong></span> <span class='ocrx_word' id='word_1_29' title='bbox 1076 983 1215 1046; x_wconf 89' lang='lat' dir='ltr'><strong>vidisse.</strong></span> 
     </span>
    </p>

    <p class='ocr_par' dir='ltr' id='par_1_3' title="bbox 285 1080 1403 1163">
     <span class='ocr_line' id='line_1_6' title="bbox 285 1080 1403 1163; baseline 0.005 -26"><span class='ocrx_word' id='word_1_30' title='bbox 285 1099 404 1138; x_wconf 59' lang='lat' dir='ltr'><strong>remmam</strong></span> <span class='ocrx_word' id='word_1_31' title='bbox 499 1080 694 1158; x_wconf 90' lang='lat' dir='ltr'><strong>Saladinus,</strong></span> <span class='ocrx_word' id='word_1_32' title='bbox 724 1081 884 1163; x_wconf 87' lang='lat' dir='ltr'><strong>princeps</strong></span> <span class='ocrx_word' id='word_1_33' title='bbox 912 1081 1089 1158; x_wconf 88' lang='lat' dir='ltr'><strong>Damasci,</strong></span> <span class='ocrx_word' id='word_1_34' title='bbox 1115 1081 1299 1145; x_wconf 88' lang='lat' dir='ltr'><strong>commisso</strong></span> <span class='ocrx_word' id='word_1_35' title='bbox 1326 1101 1403 1144; x_wconf 90' lang='lat' dir='ltr'><strong>oum</strong></span> 
     </span>
    </p>

    <p class='ocr_par' dir='ltr' id='par_1_4' title="bbox 285 1149 1403 2258">
     <span class='ocr_line' id='line_1_7' title="bbox 285 1149 1403 1262; baseline 0.005 -25"><span class='ocrx_word' id='word_1_36' title='bbox 285 1149 386 1238; x_wconf 52' lang='lat' dir='ltr'><strong>iiiiii?</strong></span> <span class='ocrx_word' id='word_1_37' title='bbox 449 1179 656 1244; x_wconf 88' lang='lat' dir='ltr'><strong>Christianis</strong></span> <span class='ocrx_word' id='word_1_38' title='bbox 682 1181 815 1262; x_wconf 89' lang='lat' dir='ltr'><strong>praelio,</strong></span> <span class='ocrx_word' id='word_1_39' title='bbox 840 1181 951 1245; x_wconf 90' lang='lat' dir='ltr'><strong>victor</strong></span> <span class='ocrx_word' id='word_1_40' title='bbox 978 1180 1132 1259; x_wconf 88' lang='lat' dir='ltr'><strong>effectus,</strong></span> <span class='ocrx_word' id='word_1_41' title='bbox 1158 1182 1250 1262; x_wconf 88' lang='lat' dir='ltr'><strong>cepit</strong></span> <span class='ocrx_word' id='word_1_42' title='bbox 1270 1180 1403 1245; x_wconf 88' lang='lat' dir='ltr'><strong>Guido-</strong></span> 
     </span>
     <span class='ocr_line' id='line_1_8' title="bbox 449 1279 1401 1363; baseline 0 -21"><span class='ocrx_word' id='word_1_43' title='bbox 449 1299 527 1344; x_wconf 91' lang='lat' dir='ltr'><strong>nem</strong></span> <span class='ocrx_word' id='word_1_44' title='bbox 548 1300 664 1361; x_wconf 89' lang='lat' dir='ltr'><strong>regem</strong></span> <span class='ocrx_word' id='word_1_45' title='bbox 682 1280 889 1356; x_wconf 85' lang='lat' dir='ltr'><strong>Jerusalem,</strong></span> <span class='ocrx_word' id='word_1_46' title='bbox 907 1279 1195 1363; x_wconf 88' lang='lat' dir='ltr'><strong>Reynaldurnque</strong></span> <span class='ocrx_word' id='word_1_47' title='bbox 1214 1281 1401 1363; x_wconf 87' lang='lat' dir='ltr'><strong>principem</strong></span> 
     </span>
     <span class='ocr_line' id='line_1_9' title="bbox 451 1378 1403 1462; baseline -0.001 -20"><span class='ocrx_word' id='word_1_48' title='bbox 451 1378 658 1455; x_wconf 84' lang='lat' dir='ltr'><strong>Antiochiae,</strong></span> <span class='ocrx_word' id='word_1_49' title='bbox 683 1388 718 1443; x_wconf 89' lang='lat' dir='ltr'><strong>et</strong></span> <span class='ocrx_word' id='word_1_50' title='bbox 740 1380 828 1443; x_wconf 89' lang='lat' dir='ltr'><strong>alios</strong></span> <span class='ocrx_word' id='word_1_51' title='bbox 855 1379 1125 1461; x_wconf 89' lang='lat' dir='ltr'><strong>quamplurimos</strong></span> <span class='ocrx_word' id='word_1_52' title='bbox 1149 1381 1186 1442; x_wconf 92' lang='lat' dir='ltr'><strong>in</strong></span> <span class='ocrx_word' id='word_1_53' title='bbox 1209 1379 1330 1462; x_wconf 85' lang='lat' dir='ltr'><strong>praelio</strong></span> <span class='ocrx_word' id='word_1_54' title='bbox 1351 1380 1403 1441; x_wconf 89' lang='lat' dir='ltr'><strong>in-</strong></span> 
     </span>
     <span class='ocr_line' id='line_1_10' title="bbox 450 1478 1402 1561; baseline 0.001 -19"><span class='ocrx_word' id='word_1_55' title='bbox 450 1479 596 1543; x_wconf 88' lang='lat' dir='ltr'><strong>teremit.</strong></span> <span class='ocrx_word' id='word_1_56' title='bbox 643 1479 756 1561; x_wconf 89' lang='lat' dir='ltr'><strong>Capta</strong></span> <span class='ocrx_word' id='word_1_57' title='bbox 770 1486 823 1542; x_wconf 91' lang='lat' dir='ltr'><strong>est</strong></span> <span class='ocrx_word' id='word_1_58' title='bbox 840 1479 964 1543; x_wconf 89' lang='lat' dir='ltr'><strong>civitas</strong></span> <span class='ocrx_word' id='word_1_59' title='bbox 977 1479 1185 1557; x_wconf 84' lang='lat' dir='ltr'><strong>Jerusalem,</strong></span> <span class='ocrx_word' id='word_1_60' title='bbox 1201 1478 1402 1561; x_wconf 85' lang='lat' dir='ltr'><strong>lignumque</strong></span> 
     </span>
     <span class='ocr_line' id='line_1_11' title="bbox 453 1577 1403 1656; baseline 0 -15"><span class='ocrx_word' id='word_1_61' title='bbox 453 1586 585 1643; x_wconf 90' lang='lat' dir='ltr'><strong>sanctae</strong></span> <span class='ocrx_word' id='word_1_62' title='bbox 604 1578 737 1655; x_wconf 85' lang='lat' dir='ltr'><strong>Crucis,</strong></span> <span class='ocrx_word' id='word_1_63' title='bbox 761 1586 796 1642; x_wconf 91' lang='lat' dir='ltr'><strong>et</strong></span> <span class='ocrx_word' id='word_1_64' title='bbox 813 1578 836 1641; x_wconf 99' lang='lat' dir='ltr'><strong>J</strong></span> <span class='ocrx_word' id='word_1_65' title='bbox 840 1577 940 1642; x_wconf 85' lang='lat' dir='ltr'><strong>udaea</strong></span> <span class='ocrx_word' id='word_1_66' title='bbox 956 1578 1027 1643; x_wconf 85' lang='lat' dir='ltr'><strong>fere</strong></span> <span class='ocrx_word' id='word_1_67' title='bbox 1049 1586 1134 1656; x_wconf 90' lang='lat' dir='ltr'><strong>tota,</strong></span> <span class='ocrx_word' id='word_1_68' title='bbox 1157 1598 1234 1642; x_wconf 91' lang='lat' dir='ltr'><strong>oum</strong></span> <span class='ocrx_word' id='word_1_69' title='bbox 1256 1578 1403 1642; x_wconf 89' lang='lat' dir='ltr'><strong>civitati-</strong></span> 
     </span>
     <span class='ocr_line' id='line_1_12' title="bbox 450 1677 1402 1761; baseline 0.003 -22"><span class='ocrx_word' id='word_1_70' title='bbox 450 1679 516 1741; x_wconf 88' lang='lat' dir='ltr'><strong>bus</strong></span> <span class='ocrx_word' id='word_1_71' title='bbox 543 1679 703 1742; x_wconf 92' lang='lat' dir='ltr'><strong>omnibus</strong></span> <span class='ocrx_word' id='word_1_72' title='bbox 731 1678 924 1753; x_wconf 87' lang='lat' dir='ltr'><strong>maritimis,</strong></span> <span class='ocrx_word' id='word_1_73' title='bbox 956 1685 1082 1759; x_wconf 86' lang='lat' dir='ltr'><strong>praeter</strong></span> <span class='ocrx_word' id='word_1_74' title='bbox 1114 1679 1268 1761; x_wconf 83' lang='lat' dir='ltr'><strong>Tyrum3</strong></span> <span class='ocrx_word' id='word_1_75' title='bbox 1303 1677 1402 1761; x_wconf 90' lang='lat' dir='ltr'><strong>cujus</strong></span> 
     </span>
     <span class='ocr_line' id='line_1_13' title="bbox 450 1776 1403 1859; baseline 0.002 -21"><span class='ocrx_word' id='word_1_76' title='bbox 450 1776 729 1859; x_wconf 87' lang='lat' dir='ltr'><strong>archiepiscopus</strong></span> <span class='ocrx_word' id='word_1_77' title='bbox 766 1776 850 1841; x_wconf 87' lang='lat' dir='ltr'><strong>dirae</strong></span> <span class='ocrx_word' id='word_1_78' title='bbox 886 1776 993 1841; x_wconf 89' lang='lat' dir='ltr'><strong>cladis</strong></span> <span class='ocrx_word' id='word_1_79' title='bbox 1030 1779 1172 1842; x_wconf 91' lang='lat' dir='ltr'><strong>nuntius</strong></span> <span class='ocrx_word' id='word_1_80' title='bbox 1208 1777 1251 1841; x_wconf 92' lang='lat' dir='ltr'><strong>ad</strong></span> <span class='ocrx_word' id='word_1_81' title='bbox 1286 1779 1403 1841; x_wconf 87' lang='lat' dir='ltr'><strong>orbem</strong></span> 
     </span>
     <span class='ocr_line' id='line_1_14' title="bbox 452 1874 1403 1959; baseline 0 -19"><span class='ocrx_word' id='word_1_82' title='bbox 452 1874 688 1940; x_wconf 88' lang='lat' dir='ltr'><strong>Christianum</strong></span> <span class='ocrx_word' id='word_1_83' title='bbox 712 1877 838 1941; x_wconf 88' lang='lat' dir='ltr'><strong>missus</strong></span> <span class='ocrx_word' id='word_1_84' title='bbox 855 1884 919 1953; x_wconf 91' lang='lat' dir='ltr'><strong>est,</strong></span> <span class='ocrx_word' id='word_1_85' title='bbox 942 1885 978 1941; x_wconf 93' lang='lat' dir='ltr'><strong>et</strong></span> <span class='ocrx_word' id='word_1_86' title='bbox 998 1878 1193 1959; x_wconf 88' lang='lat' dir='ltr'><strong>specialiter</strong></span> <span class='ocrx_word' id='word_1_87' title='bbox 1216 1878 1260 1940; x_wconf 92' lang='lat' dir='ltr'><strong>ad</strong></span> <span class='ocrx_word' id='word_1_88' title='bbox 1287 1896 1403 1958; x_wconf 89' lang='lat' dir='ltr'><strong>regem</strong></span> 
     </span>
     <span class='ocr_line' id='line_1_15' title="bbox 451 1975 1403 2060; baseline 0 -21"><span class='ocrx_word' id='word_1_89' title='bbox 451 1975 645 2057; x_wconf 84' lang='lat' dir='ltr'><strong>Anglorum</strong></span> <span class='ocrx_word' id='word_1_90' title='bbox 669 1975 871 2054; x_wconf 87' lang='lat' dir='ltr'><strong>Henricum,</strong></span> <span class='ocrx_word' id='word_1_91' title='bbox 893 1977 993 2060; x_wconf 91' lang='lat' dir='ltr'><strong>cujus</strong></span> <span class='ocrx_word' id='word_1_92' title='bbox 1017 1976 1109 2041; x_wconf 87' lang='lat' dir='ltr'><strong>fama</strong></span> <span class='ocrx_word' id='word_1_93' title='bbox 1135 1979 1238 2058; x_wconf 87' lang='lat' dir='ltr'><strong>longe</strong></span> <span class='ocrx_word' id='word_1_94' title='bbox 1263 1977 1403 2059; x_wconf 90' lang='lat' dir='ltr'><strong>lateque</strong></span> 
     </span>
     <span class='ocr_line' id='line_1_16' title="bbox 451 2069 1403 2160; baseline 0.001 -21"><span class='ocrx_word' id='word_1_95' title='bbox 451 2075 575 2139; x_wconf 87' lang='lat' dir='ltr'><strong>diffusa</strong></span> <span class='ocrx_word' id='word_1_96' title='bbox 603 2084 678 2140; x_wconf 91' lang='lat' dir='ltr'><strong>erat</strong></span> <span class='ocrx_word' id='word_1_97' title='bbox 704 2095 809 2159; x_wconf 89' lang='lat' dir='ltr'><strong>super</strong></span> <span class='ocrx_word' id='word_1_98' title='bbox 826 2069 972 2140; x_wconf 82' lang='lat' dir='ltr'><strong>²terram</strong></span> <span class='ocrx_word' id='word_1_99' title='bbox 999 2076 1140 2155; x_wconf 87' lang='lat' dir='ltr'><strong>divitiis,</strong></span> <span class='ocrx_word' id='word_1_100' title='bbox 1159 2077 1337 2160; x_wconf 91' lang='lat' dir='ltr'><strong>potentia,</strong></span> <span class='ocrx_word' id='word_1_101' title='bbox 1362 2096 1403 2140; x_wconf 92' lang='lat' dir='ltr'><strong>ac</strong></span> 
     </span>
     <span class='ocr_line' id='line_1_17' title="bbox 452 2175 1403 2258; baseline 0.002 -23"><span class='ocrx_word' id='word_1_102' title='bbox 452 2175 592 2239; x_wconf 86' lang='lat' dir='ltr'><strong>virtute.</strong></span> <span class='ocrx_word' id='word_1_103' title='bbox 628 2175 822 2258; x_wconf 87' lang='lat' dir='ltr'><strong>Statimque</strong></span> <span class='ocrx_word' id='word_1_104' title='bbox 835 2195 907 2258; x_wconf 87' lang='lat' dir='ltr'><strong>prae</strong></span> <span class='ocrx_word' id='word_1_105' title='bbox 926 2177 1003 2240; x_wconf 90' lang='lat' dir='ltr'><strong>aliis</strong></span> <span class='ocrx_word' id='word_1_106' title='bbox 1018 2176 1191 2242; x_wconf 88' lang='lat' dir='ltr'><strong>Ricardus</strong></span> <span class='ocrx_word' id='word_1_107' title='bbox 1205 2176 1297 2239; x_wconf 89' lang='lat' dir='ltr'><strong>filius</strong></span> <span class='ocrx_word' id='word_1_108' title='bbox 1312 2177 1403 2258; x_wconf 91' lang='lat' dir='ltr'><strong>regis</strong></span> 
     </span>
    </p>

    <p class='ocr_par' dir='ltr' id='par_1_5' title="bbox 404 2269 1403 2356">
     <span class='ocr_line' id='line_1_18' title="bbox 404 2269 1403 2356; baseline 0 -17"><span class='ocrx_word' id='word_1_109' title='bbox 404 2271 409 2278; x_wconf 87' lang='grc'><strong>’</strong></span> <span class='ocrx_word' id='word_1_110' title='bbox 452 2274 658 2356; x_wconf 86' lang='lat' dir='ltr'><strong>Anglorum,</strong></span> <span class='ocrx_word' id='word_1_111' title='bbox 682 2277 756 2340; x_wconf 85' lang='lat' dir='ltr'><strong>zelo</strong></span> <span class='ocrx_word' id='word_1_112' title='bbox 781 2269 868 2340; x_wconf 80' lang='lat' dir='ltr'><strong>³Dn1</strong></span> <span class='ocrx_word' id='word_1_113' title='bbox 897 2295 1075 2352; x_wconf 89' lang='lat' dir='ltr'><strong>accensus,</strong></span> <span class='ocrx_word' id='word_1_114' title='bbox 1102 2279 1147 2341; x_wconf 91' lang='lat' dir='ltr'><strong>ob</strong></span> <span class='ocrx_word' id='word_1_115' title='bbox 1171 2274 1403 2340; x_wconf 87' lang='lat' dir='ltr'><strong>ulciscendam</strong></span> 
     </span>
    </p>

    <p class='ocr_par' dir='ltr' id='par_1_6' title="bbox 451 2373 1403 2856">
     <span class='ocr_line' id='line_1_19' title="bbox 454 2373 1403 2459; baseline 0 -21"><span class='ocrx_word' id='word_1_116' title='bbox 454 2373 576 2439; x_wconf 85' lang='lat' dir='ltr'><strong>Crucis</strong></span> <span class='ocrx_word' id='word_1_117' title='bbox 591 2375 754 2459; x_wconf 90' lang='lat' dir='ltr'><strong>injuriam</strong></span> <span class='ocrx_word' id='word_1_118' title='bbox 778 2395 912 2440; x_wconf 89' lang='lat' dir='ltr'><strong>crucem</strong></span> <span class='ocrx_word' id='word_1_119' title='bbox 935 2376 1118 2457; x_wconf 91' lang='lat' dir='ltr'><strong>accipiens,</strong></span> <span class='ocrx_word' id='word_1_120' title='bbox 1136 2387 1269 2441; x_wconf 90' lang='lat' dir='ltr'><strong>ceteros</strong></span> <span class='ocrx_word' id='word_1_121' title='bbox 1286 2394 1403 2439; x_wconf 89' lang='lat' dir='ltr'><strong>omnes</strong></span> 
     </span>
     <span class='ocr_line' id='line_1_20' title="bbox 453 2475 1403 2560; baseline 0 -23"><span class='ocrx_word' id='word_1_122' title='bbox 453 2475 617 2556; x_wconf 88' lang='lat' dir='ltr'><strong>praecedit</strong></span> <span class='ocrx_word' id='word_1_123' title='bbox 632 2476 738 2554; x_wconf 86' lang='lat' dir='ltr'><strong>facto,</strong></span> <span class='ocrx_word' id='word_1_124' title='bbox 758 2495 845 2557; x_wconf 92' lang='lat' dir='ltr'><strong>quos</strong></span> <span class='ocrx_word' id='word_1_125' title='bbox 863 2475 990 2539; x_wconf 90' lang='lat' dir='ltr'><strong>invitat</strong></span> <span class='ocrx_word' id='word_1_126' title='bbox 1007 2478 1175 2560; x_wconf 85' lang='lat' dir='ltr'><strong>exemplo.</strong></span> <span class='ocrx_word' id='word_1_127' title='bbox 1229 2476 1403 2539; x_wconf 91' lang='lat' dir='ltr'><strong>Boamun-</strong></span> 
     </span>
     <span class='ocr_line' id='line_1_21' title="bbox 451 2574 1403 2658; baseline 0.001 -21"><span class='ocrx_word' id='word_1_128' title='bbox 451 2574 528 2652; x_wconf 91' lang='lat' dir='ltr'><strong>dns,</strong></span> <span class='ocrx_word' id='word_1_129' title='bbox 541 2595 655 2640; x_wconf 90' lang='lat' dir='ltr'><strong>comes</strong></span> <span class='ocrx_word' id='word_1_130' title='bbox 668 2576 918 2658; x_wconf 80' lang='lat' dir='ltr'><strong>Tripolitanae,</strong></span> <span class='ocrx_word' id='word_1_131' title='bbox 932 2575 1126 2657; x_wconf 88' lang='lat' dir='ltr'><strong>quindecim</strong></span> <span class='ocrx_word' id='word_1_132' title='bbox 1140 2577 1261 2642; x_wconf 89' lang='lat' dir='ltr'><strong>diebus</strong></span> <span class='ocrx_word' id='word_1_133' title='bbox 1276 2575 1403 2656; x_wconf 91' lang='lat' dir='ltr'><strong>elapsis</strong></span> 
     </span>
     <span class='ocr_line' id='line_1_22' title="bbox 451 2674 1403 2759; baseline -0.001 -21"><span class='ocrx_word' id='word_1_134' title='bbox 451 2682 531 2756; x_wconf 91' lang='lat' dir='ltr'><strong>post</strong></span> <span class='ocrx_word' id='word_1_135' title='bbox 555 2682 692 2756; x_wconf 90' lang='lat' dir='ltr'><strong>captam</strong></span> <span class='ocrx_word' id='word_1_136' title='bbox 712 2675 920 2752; x_wconf 88' lang='lat' dir='ltr'><strong>Jerusalem,</strong></span> <span class='ocrx_word' id='word_1_137' title='bbox 943 2674 1146 2759; x_wconf 87' lang='lat' dir='ltr'><strong>proditionis</strong></span> <span class='ocrx_word' id='word_1_138' title='bbox 1170 2691 1261 2751; x_wconf 75' lang='lat' dir='ltr'><strong>reue,</strong></span> <span class='ocrx_word' id='word_1_139' title='bbox 1282 2693 1403 2738; x_wconf 89' lang='lat' dir='ltr'><strong>versus</strong></span> 
     </span>
     <span class='ocr_line' id='line_1_23' title="bbox 451 2774 905 2856; baseline 0.009 -21"><span class='ocrx_word' id='word_1_140' title='bbox 451 2774 487 2836; x_wconf 95' lang='lat' dir='ltr'><strong>in</strong></span> <span class='ocrx_word' id='word_1_141' title='bbox 504 2775 690 2838; x_wconf 87' lang='lat' dir='ltr'><strong>amentiam</strong></span> <span class='ocrx_word' id='word_1_142' title='bbox 702 2775 905 2856; x_wconf 87' lang='lat' dir='ltr'><strong>exspiravit.</strong></span> 
     </span>
    </p>

    <p class='ocr_par' dir='ltr' id='par_1_7' title="bbox 290 2873 1403 2982">
     <span class='ocr_line' id='line_1_24' title="bbox 290 2873 1403 2982; baseline 0.005 -50"><span class='ocrx_word' id='word_1_143' title='bbox 290 2892 430 2982; x_wconf 53' lang='lat' dir='ltr'><strong>prnaprrpf</strong></span> <span class='ocrx_word' id='word_1_144' title='bbox 503 2873 585 2937; x_wconf 92' lang='lat' dir='ltr'><strong>Hoc</strong></span> <span class='ocrx_word' id='word_1_145' title='bbox 602 2893 691 2939; x_wconf 90' lang='lat' dir='ltr'><strong>anno</strong></span> <span class='ocrx_word' id='word_1_146' title='bbox 712 2874 874 2938; x_wconf 89' lang='lat' dir='ltr'><strong>Urbanus</strong></span> <span class='ocrx_word' id='word_1_147' title='bbox 892 2893 996 2956; x_wconf 91' lang='lat' dir='ltr'><strong>papa,</strong></span> <span class='ocrx_word' id='word_1_148' title='bbox 1012 2895 1087 2939; x_wconf 89' lang='lat' dir='ltr'><strong>cum</strong></span> <span class='ocrx_word' id='word_1_149' title='bbox 1105 2873 1147 2936; x_wconf 88' lang='lat' dir='ltr'><strong>de</strong></span> <span class='ocrx_word' id='word_1_150' title='bbox 1165 2875 1403 2938; x_wconf 88' lang='lat' dir='ltr'><strong>transmarinis</strong></span> 
     </span>
    </p>

    <p class='ocr_par' dir='ltr' id='par_1_8' title="bbox 290 2953 1492 4060">
     <span class='ocr_line' id='line_1_25' title="bbox 290 2953 1404 3056; baseline 0.005 -24"><span class='ocrx_word' id='word_1_151' title='bbox 290 2953 418 3032; x_wconf 53' lang='grc' dir='ltr'><strong>ιιῖἷῗὲἒὲθ</strong></span> <span class='ocrx_word' id='word_1_152' title='bbox 453 2973 610 3054; x_wconf 88' lang='lat' dir='ltr'><strong>partibus</strong></span> <span class='ocrx_word' id='word_1_153' title='bbox 640 2979 711 3037; x_wconf 89' lang='lat' dir='ltr'><strong>tam</strong></span> <span class='ocrx_word' id='word_1_154' title='bbox 743 2974 891 3038; x_wconf 87' lang='lat' dir='ltr'><strong>flebilem</strong></span> <span class='ocrx_word' id='word_1_155' title='bbox 922 2994 1093 3038; x_wconf 89' lang='lat' dir='ltr'><strong>rumorem</strong></span> <span class='ocrx_word' id='word_1_156' title='bbox 1128 2973 1295 3050; x_wconf 88' lang='lat' dir='ltr'><strong>audisset,</strong></span> <span class='ocrx_word' id='word_1_157' title='bbox 1330 2995 1404 3056; x_wconf 89' lang='lat' dir='ltr'><strong>prae</strong></span> 
     </span>
     <span class='ocr_line' id='line_1_26' title="bbox 452 3072 1405 3157; baseline 0.002 -23"><span class='ocrx_word' id='word_1_158' title='bbox 452 3073 557 3135; x_wconf 92' lang='lat' dir='ltr'><strong>nimio</strong></span> <span class='ocrx_word' id='word_1_159' title='bbox 581 3072 698 3136; x_wconf 91' lang='lat' dir='ltr'><strong>dolore</strong></span> <span class='ocrx_word' id='word_1_160' title='bbox 721 3075 827 3151; x_wconf 92' lang='lat' dir='ltr'><strong>obiit;</strong></span> <span class='ocrx_word' id='word_1_161' title='bbox 851 3074 1076 3157; x_wconf 90' lang='lat' dir='ltr'><strong>sepultusque</strong></span> <span class='ocrx_word' id='word_1_162' title='bbox 1099 3074 1206 3136; x_wconf 90' lang='lat' dir='ltr'><strong>estin</strong></span> <span class='ocrx_word' id='word_1_163' title='bbox 1233 3073 1405 3150; x_wconf 84' lang='lat' dir='ltr'><strong>Ferraria,</strong></span> 
     </span>
     <span class='ocr_line' id='line_1_27' title="bbox 453 3172 1405 3250; baseline 0.002 -16"><span class='ocrx_word' id='word_1_164' title='bbox 453 3190 531 3234; x_wconf 90' lang='lat' dir='ltr'><strong>cum</strong></span> <span class='ocrx_word' id='word_1_165' title='bbox 546 3173 691 3237; x_wconf 87' lang='lat' dir='ltr'><strong>sedisset</strong></span> <span class='ocrx_word' id='word_1_166' title='bbox 712 3194 781 3237; x_wconf 90' lang='lat' dir='ltr'><strong>uno</strong></span> <span class='ocrx_word' id='word_1_167' title='bbox 803 3193 906 3250; x_wconf 90' lang='lat' dir='ltr'><strong>anno,</strong></span> <span class='ocrx_word' id='word_1_168' title='bbox 930 3174 1103 3237; x_wconf 88' lang='lat' dir='ltr'><strong>mensibus</strong></span> <span class='ocrx_word' id='word_1_169' title='bbox 1129 3172 1258 3250; x_wconf 90' lang='lat' dir='ltr'><strong>decem,</strong></span> <span class='ocrx_word' id='word_1_170' title='bbox 1284 3172 1405 3236; x_wconf 89' lang='lat' dir='ltr'><strong>diebus</strong></span> 
     </span>
     <span class='ocr_line' id='line_1_28' title="bbox 453 3270 1406 3356; baseline 0 -20"><span class='ocrx_word' id='word_1_171' title='bbox 453 3272 578 3353; x_wconf 88' lang='lat' dir='ltr'><strong>viginti</strong></span> <span class='ocrx_word' id='word_1_172' title='bbox 603 3274 766 3356; x_wconf 91' lang='lat' dir='ltr'><strong>quinque.</strong></span> <span class='ocrx_word' id='word_1_173' title='bbox 809 3272 875 3337; x_wconf 86' lang='lat' dir='ltr'><strong>Cui</strong></span> <span class='ocrx_word' id='word_1_174' title='bbox 904 3274 1071 3337; x_wconf 88' lang='lat' dir='ltr'><strong>successit</strong></span> <span class='ocrx_word' id='word_1_175' title='bbox 1097 3270 1288 3352; x_wconf 84' lang='lat' dir='ltr'><strong>Gregorius</strong></span> <span class='ocrx_word' id='word_1_176' title='bbox 1310 3280 1406 3336; x_wconf 92' lang='lat' dir='ltr'><strong>octa-</strong></span> 
     </span>
     <span class='ocr_line' id='line_1_29' title="bbox 453 3370 1407 3462; baseline -0.001 -27"><span class='ocrx_word' id='word_1_177' title='bbox 453 3391 529 3446; x_wconf 91' lang='lat' dir='ltr'><strong>vus,</strong></span> <span class='ocrx_word' id='word_1_178' title='bbox 555 3373 695 3436; x_wconf 89' lang='lat' dir='ltr'><strong>natione</strong></span> <span class='ocrx_word' id='word_1_179' title='bbox 720 3374 999 3462; x_wconf 68' lang='lat' dir='ltr'><strong>Beneventanus</strong></span> <span class='ocrx_word' id='word_1_180' title='bbox 1024 3373 1120 3455; x_wconf 88' lang='lat' dir='ltr'><strong>prius</strong></span> <span class='ocrx_word' id='word_1_181' title='bbox 1142 3370 1255 3434; x_wconf 89' lang='lat' dir='ltr'><strong>dictus</strong></span> <span class='ocrx_word' id='word_1_182' title='bbox 1282 3371 1407 3436; x_wconf 87' lang='lat' dir='ltr'><strong>Alber·</strong></span> 
     </span>
     <span class='ocr_line' id='line_1_30' title="bbox 454 3470 1406 3553; baseline 0.001 -19"><span class='ocrx_word' id='word_1_183' title='bbox 454 3478 531 3550; x_wconf 83' lang='lat' dir='ltr'><strong>tus3</strong></span> <span class='ocrx_word' id='word_1_184' title='bbox 556 3473 616 3553; x_wconf 92' lang='lat' dir='ltr'><strong>qui</strong></span> <span class='ocrx_word' id='word_1_185' title='bbox 632 3472 751 3535; x_wconf 91' lang='lat' dir='ltr'><strong>eodem</strong></span> <span class='ocrx_word' id='word_1_186' title='bbox 774 3491 878 3549; x_wconf 91' lang='lat' dir='ltr'><strong>anno,</strong></span> <span class='ocrx_word' id='word_1_187' title='bbox 898 3471 1012 3534; x_wconf 88' lang='lat' dir='ltr'><strong>missis</strong></span> <span class='ocrx_word' id='word_1_188' title='bbox 1035 3471 1159 3535; x_wconf 90' lang='lat' dir='ltr'><strong>litteris</strong></span> <span class='ocrx_word' id='word_1_189' title='bbox 1184 3470 1227 3533; x_wconf 91' lang='lat' dir='ltr'><strong>ad</strong></span> <span class='ocrx_word' id='word_1_190' title='bbox 1251 3470 1406 3535; x_wconf 88' lang='lat' dir='ltr'><strong>diversas</strong></span> 
     </span>
     <span class='ocr_line' id='line_1_31' title="bbox 454 3570 1405 3654; baseline 0.001 -21"><span class='ocrx_word' id='word_1_191' title='bbox 454 3571 650 3652; x_wconf 88' lang='lat' dir='ltr'><strong>provincias</strong></span> <span class='ocrx_word' id='word_1_192' title='bbox 680 3591 743 3654; x_wconf 89' lang='lat' dir='ltr'><strong>pro</strong></span> <span class='ocrx_word' id='word_1_193' title='bbox 766 3571 877 3635; x_wconf 85' lang='lat' dir='ltr'><strong>Terra</strong></span> <span class='ocrx_word' id='word_1_194' title='bbox 898 3570 1037 3647; x_wconf 90' lang='lat' dir='ltr'><strong>Sancta,</strong></span> <span class='ocrx_word' id='word_1_195' title='bbox 1061 3577 1218 3634; x_wconf 92' lang='lat' dir='ltr'><strong>mortuus</strong></span> <span class='ocrx_word' id='word_1_196' title='bbox 1239 3578 1305 3647; x_wconf 89' lang='lat' dir='ltr'><strong>est,</strong></span> <span class='ocrx_word' id='word_1_197' title='bbox 1328 3590 1405 3634; x_wconf 92' lang='lat' dir='ltr'><strong>cum</strong></span> 
     </span>
     <span class='ocr_line' id='line_1_32' title="bbox 454 3669 1406 3752; baseline 0.003 -21"><span class='ocrx_word' id='word_1_198' title='bbox 454 3669 600 3734; x_wconf 88' lang='lat' dir='ltr'><strong>sedisset</strong></span> <span class='ocrx_word' id='word_1_199' title='bbox 614 3691 730 3735; x_wconf 92' lang='lat' dir='ltr'><strong>mense</strong></span> <span class='ocrx_word' id='word_1_200' title='bbox 745 3691 825 3747; x_wconf 90' lang='lat' dir='ltr'><strong>uno,</strong></span> <span class='ocrx_word' id='word_1_201' title='bbox 844 3671 965 3734; x_wconf 90' lang='lat' dir='ltr'><strong>diebus</strong></span> <span class='ocrx_word' id='word_1_202' title='bbox 982 3670 1106 3752; x_wconf 85' lang='lat' dir='ltr'><strong>viginti</strong></span> <span class='ocrx_word' id='word_1_203' title='bbox 1123 3675 1267 3751; x_wconf 85' lang='lat' dir='ltr'><strong>septem.</strong></span> <span class='ocrx_word' id='word_1_204' title='bbox 1320 3669 1406 3734; x_wconf 91' lang='lat' dir='ltr'><strong>Post</strong></span> 
     </span>
     <span class='ocr_line' id='line_1_33' title="bbox 454 3768 1407 3851; baseline -0.001 -19"><span class='ocrx_word' id='word_1_205' title='bbox 454 3770 668 3834; x_wconf 90' lang='lat' dir='ltr'><strong>vacationem</strong></span> <span class='ocrx_word' id='word_1_206' title='bbox 698 3790 779 3835; x_wconf 88' lang='lat' dir='ltr'><strong>vero</strong></span> <span class='ocrx_word' id='word_1_207' title='bbox 805 3770 937 3834; x_wconf 89' lang='lat' dir='ltr'><strong>dierum</strong></span> <span class='ocrx_word' id='word_1_208' title='bbox 963 3771 1118 3851; x_wconf 89' lang='lat' dir='ltr'><strong>triginta,</strong></span> <span class='ocrx_word' id='word_1_209' title='bbox 1142 3769 1309 3833; x_wconf 88' lang='lat' dir='ltr'><strong>successit</strong></span> <span class='ocrx_word' id='word_1_210' title='bbox 1330 3768 1407 3833; x_wconf 88' lang='lat' dir='ltr'><strong>Cle-</strong></span> 
     </span>
     <span class='ocr_line' id='line_1_34' title="bbox 453 3868 1406 3949; baseline 0.001 -18"><span class='ocrx_word' id='word_1_211' title='bbox 453 3887 549 3932; x_wconf 91' lang='lat' dir='ltr'><strong>mens</strong></span> <span class='ocrx_word' id='word_1_212' title='bbox 566 3870 700 3946; x_wconf 89' lang='lat' dir='ltr'><strong>tertius,</strong></span> <span class='ocrx_word' id='word_1_213' title='bbox 719 3871 858 3933; x_wconf 87' lang='lat' dir='ltr'><strong>natione</strong></span> <span class='ocrx_word' id='word_1_214' title='bbox 875 3869 1067 3945; x_wconf 87' lang='lat' dir='ltr'><strong>Romanus,</strong></span> <span class='ocrx_word' id='word_1_215' title='bbox 1088 3888 1132 3932; x_wconf 88' lang='lat' dir='ltr'><strong>ex</strong></span> <span class='ocrx_word' id='word_1_216' title='bbox 1156 3875 1255 3949; x_wconf 88' lang='lat' dir='ltr'><strong>patre</strong></span> <span class='ocrx_word' id='word_1_217' title='bbox 1269 3868 1292 3931; x_wconf 95' lang='lat' dir='ltr'><strong>J</strong></span> <span class='ocrx_word' id='word_1_218' title='bbox 1295 3887 1406 3932; x_wconf 91' lang='lat' dir='ltr'><strong>oanne</strong></span> 
     </span>
     <span class='ocr_line' id='line_1_35' title="bbox 454 3966 1492 4060; baseline 0.002 -31"><span class='ocrx_word' id='word_1_219' title='bbox 454 3966 595 4031; x_wconf 89' lang='lat' dir='ltr'><strong>Scolari.</strong></span> <span class='ocrx_word' id='word_1_220' title='bbox 650 3968 883 4051; x_wconf 85' lang='lat' dir='ltr'><strong>Baldewynus</strong></span> <span class='ocrx_word' id='word_1_221' title='bbox 903 3967 1163 4033; x_wconf 86' lang='lat' dir='ltr'><strong>Cantuariensis</strong></span> <span class='ocrx_word' id='word_1_222' title='bbox 1186 3985 1248 4050; x_wconf 88' lang='lat' dir='ltr'><strong>per</strong></span> <span class='ocrx_word' id='word_1_223' title='bbox 1273 3967 1406 4032; x_wconf 88' lang='lat' dir='ltr'><strong>litteras</strong></span> <span class='ocrx_word' id='word_1_224' title='bbox 1488 4051 1492 4060; x_wconf 26' lang='grc' dir='ltr'>ι</span> 
     </span>
    </p>
   </div>
   <div class='ocr_carea' id='block_1_3' title="bbox 454 4066 1406 4147">
    <p class='ocr_par' dir='ltr' id='par_1_9' title="bbox 454 4066 1406 4147">
     <span class='ocr_line' id='line_1_36' title="bbox 454 4066 1406 4147; baseline 0.004 -20"><span class='ocrx_word' id='word_1_225' title='bbox 454 4066 663 4147; x_wconf 89' lang='lat' dir='ltr'><strong>apostolicas</strong></span> <span class='ocrx_word' id='word_1_226' title='bbox 678 4067 869 4147; x_wconf 86' lang='lat' dir='ltr'><strong>prohibitus</strong></span> <span class='ocrx_word' id='word_1_227' title='bbox 887 4076 941 4131; x_wconf 91' lang='lat' dir='ltr'><strong>est</strong></span> <span class='ocrx_word' id='word_1_228' title='bbox 954 4071 998 4132; x_wconf 89' lang='lat' dir='ltr'><strong>ab</strong></span> <span class='ocrx_word' id='word_1_229' title='bbox 1016 4069 1237 4133; x_wconf 84' lang='lat' dir='ltr'><strong>exsecutione</strong></span> <span class='ocrx_word' id='word_1_230' title='bbox 1253 4068 1406 4132; x_wconf 87' lang='lat' dir='ltr'><strong>ecclesiae</strong></span> 
     </span>
    </p>
   </div>
   <div class='ocr_carea' id='block_1_4' title="bbox 453 4231 1405 4366">
    <p class='ocr_par' dir='ltr' id='par_1_10' title="bbox 453 4231 1405 4366">
     <span class='ocr_line' id='line_1_37' title="bbox 489 4231 1388 4294; baseline 0.004 -13"><span class='ocrx_word' id='word_1_231' title='bbox 489 4231 497 4262; x_wconf 90' lang='lat'>¹</span> <span class='ocrx_word' id='word_1_232' title='bbox 515 4233 523 4260; x_wconf 85' lang='lat'>‘</span> <span class='ocrx_word' id='word_1_233' title='bbox 534 4234 678 4294; x_wconf 86' lang='lat' dir='ltr'><strong>Miraculo,&#39;</strong></span> <span class='ocrx_word' id='word_1_234' title='bbox 692 4235 792 4283; x_wconf 87' lang='lat' dir='ltr'><strong>instead</strong></span> <span class='ocrx_word' id='word_1_235' title='bbox 804 4235 833 4282; x_wconf 83' lang='lat' dir='ltr'><strong>of</strong></span> <span class='ocrx_word' id='word_1_236' title='bbox 840 4237 847 4262; x_wconf 89' lang='lat'>‘</span> <span class='ocrx_word' id='word_1_237' title='bbox 858 4235 913 4282; x_wconf 89' lang='lat' dir='ltr'><strong>Ma·</strong></span> <span class='ocrx_word' id='word_1_238' title='bbox 956 4232 967 4264; x_wconf 80' lang='lat'>²</span> <span class='ocrx_word' id='word_1_239' title='bbox 982 4237 990 4263; x_wconf 86' lang='lat'>‘</span> <span class='ocrx_word' id='word_1_240' title='bbox 1003 4236 1108 4284; x_wconf 83' lang='lat' dir='ltr'><strong>terram&#39;</strong></span> <span class='ocrx_word' id='word_1_241' title='bbox 1119 4237 1142 4283; x_wconf 90' lang='lat' dir='ltr'><strong>is</strong></span> <span class='ocrx_word' id='word_1_242' title='bbox 1153 4235 1216 4284; x_wconf 77' lang='lat' dir='ltr'><strong>from</strong></span> <span class='ocrx_word' id='word_1_243' title='bbox 1228 4237 1267 4285; x_wconf 82' lang='lat' dir='ltr'><strong>M.</strong></span> <span class='ocrx_word' id='word_1_244' title='bbox 1279 4236 1329 4284; x_wconf 84' lang='lat' dir='ltr'><strong>and</strong></span> <span class='ocrx_word' id='word_1_245' title='bbox 1340 4235 1388 4286; x_wconf 76' lang='lat' dir='ltr'><strong>Ar.</strong></span> 
     </span>
     <span class='ocr_line' id='line_1_38' title="bbox 453 4298 1405 4366; baseline 0.004 -15"><span class='ocrx_word' id='word_1_246' title='bbox 453 4298 532 4366; x_wconf 84' lang='lat' dir='ltr'><strong>riale,&#39;</strong></span> <span class='ocrx_word' id='word_1_247' title='bbox 544 4319 576 4352; x_wconf 90' lang='lat' dir='ltr'><strong>an</strong></span> <span class='ocrx_word' id='word_1_248' title='bbox 586 4303 688 4352; x_wconf 85' lang='lat' dir='ltr'><strong>evident</strong></span> <span class='ocrx_word' id='word_1_249' title='bbox 699 4304 806 4354; x_wconf 84' lang='lat' dir='ltr'><strong>mistake</strong></span> <span class='ocrx_word' id='word_1_250' title='bbox 813 4320 821 4365; x_wconf 91' lang='lat'>;</span> <span class='ocrx_word' id='word_1_251' title='bbox 834 4299 901 4354; x_wconf 76' lang='lat' dir='ltr'><strong>D’A.</strong></span> <span class='ocrx_word' id='word_1_252' title='bbox 955 4302 965 4332; x_wconf 80' lang='lat'>³</span> <span class='ocrx_word' id='word_1_253' title='bbox 981 4307 989 4334; x_wconf 89' lang='lat'>‘</span> <span class='ocrx_word' id='word_1_254' title='bbox 1002 4306 1053 4354; x_wconf 82' lang='lat' dir='ltr'><strong>Der</strong></span> <span class='ocrx_word' id='word_1_255' title='bbox 1061 4301 1077 4366; x_wconf 88' lang='lat'><strong>;&#39;</strong></span> <span class='ocrx_word' id='word_1_256' title='bbox 1094 4305 1198 4354; x_wconf 83' lang='lat' dir='ltr'><strong>omitted</strong></span> <span class='ocrx_word' id='word_1_257' title='bbox 1209 4306 1236 4354; x_wconf 89' lang='lat' dir='ltr'><strong>in</strong></span> <span class='ocrx_word' id='word_1_258' title='bbox 1247 4307 1286 4356; x_wconf 87' lang='lat' dir='ltr'><strong>M.</strong></span> <span class='ocrx_word' id='word_1_259' title='bbox 1297 4305 1346 4354; x_wconf 85' lang='lat' dir='ltr'><strong>and</strong></span> <span class='ocrx_word' id='word_1_260' title='bbox 1358 4305 1405 4356; x_wconf 77' lang='lat' dir='ltr'><strong>Ar.</strong></span> 
     </span>
    </p>
   </div>
   <div class='ocr_carea' id='block_1_5' title="bbox 0 0 1615 5028">
    <p class='ocr_par' dir='ltr' id='par_1_11' title="bbox 0 0 1615 5028">
     <span class='ocr_line' id='line_1_39' title="bbox 0 0 1615 5028; baseline 0 0"><span class='ocrx_word' id='word_1_261' title='bbox 0 0 1615 5028; x_wconf 95' lang='lat' dir='ltr'><strong> </strong></span> 
     </span>
    </p>
   </div>
  </div>
 </body>
</html>
