3252 5026
425 502 490 567 154
789 517 860 564 ruo.
877 515 1025 564 rarvnur

424 675 495 739 alia
518 673 646 757 populo
673 683 773 738 terrae
799 667 1085 757 ¹pernecessaria,
1102 673 1176 738 zelo
1189 673 1338 758 justitiae
1355 694 1377 738 a

425 794 505 856 rege
538 775 740 852 constituta,
772 780 846 838 toto
882 774 1036 857 ejusdem
1072 781 1227 857 tempore
1263 794 1377 839 serva-

424 875 551 938 bantur
566 874 687 938 illaesa.
739 873 763 938 J
765 875 947 938 ustitiariis
967 881 1084 961 autem
1109 874 1182 937 suis
1200 875 1377 957 praecepit,

424 993 467 1036 ne
495 974 654 1057 cuiquam
693 975 916 1057 conquerenti
948 973 1121 1058 justitiam
1155 972 1376 1056 denegarent.

259 1092 397 1181 iiiiiphm
424 1072 620 1138 Advertens
636 1066 756 1137 ²etiam
780 1072 962 1137 nonnullas
980 1073 1201 1137 ecclesiarum
1223 1093 1378 1157 campes-

259 1192 371 1283 engraisserr
423 1173 529 1237 trium
551 1175 725 1256 argenteis
751 1192 867 1237 carere
889 1173 1066 1250 calicibus,
1097 1192 1174 1236 cum
1201 1173 1377 1238 didicisset

260 1293 381 1383 fflgffiad
424 1292 484 1337 eos
517 1293 589 1338 suae
624 1272 869 1356 redemptionis
898 1273 1079 1336 occasione
1110 1272 1279 1350 sublatoS,
1311 1273 1377 1337 sibi

260 1393 401 1433 senneser
424 1380 590 1457 tanquam
609 1393 667 1437 reo
688 1374 865 1456 imputans
884 1373 928 1436 ad
954 1372 1104 1455 culpam,
1124 1372 1242 1436 divina
1262 1373 1376 1436 minus

260 1443 355 1532 {ididia
425 1472 528 1554 digne
549 1472 585 1536 in
602 1472 667 1538 hac
682 1481 780 1556 parte
795 1472 973 1549 celebrari,
991 1472 1099 1555 jussit
1120 1472 1195 1535 fieri
1217 1491 1278 1554 per
1299 1472 1377 1536 loca

424 1572 562 1637 diversa
588 1572 712 1636 calices
739 1573 1021 1655 quamplurimos,
1051 1565 1197 1655 ³eosque
1225 1571 1378 1636 ecclesiis

425 1671 660 1752 indigentibus
696 1672 855 1736 distribui
886 1672 961 1734 sine
993 1689 1102 1735 mora.
1165 1669 1265 1735 Cum*
1285 1671 1375 1754 apud

260 1789 369 1879 {me
381 1789 405 1828 or
426 1770 773 1835 westmonasterium
794 1771 829 1833 in
852 1771 934 1833 aula
949 1789 1025 1846 sua,
1048 1790 1126 1852 quae
1146 1769 1272 1852 dicitur
1291 1769 1378 1834 Par-

358 1865 363 1877 '
425 1889 482 1947 va,
497 1869 552 1933 die
572 1869 722 1953 quodam
748 1869 943 1951 pranderet,
962 1877 1092 1934 certum
1112 1870 1245 1950 accepit
1261 1889 1377 1934 rumo-

424 1989 508 2045 rem,
533 1969 624 2050 quod
654 1968 836 2051 Philippus
864 1968 1077 2032 Francorum
1102 1989 1177 2046 rex,
1200 1968 1377 2050 ingressus

426 2069 688 2146 Normanniam,
708 2068 913 2132 Vernolium
936 2068 1131 2148 obsideret;
1164 2086 1233 2149 qno
1257 2069 1377 2134 audito

419 2169 559 2252 jurasse
587 2168 708 2244 fertur,
741 2187 779 2232 se
808 2187 984 2250 nunquam
1015 2187 1215 2232 aversurum
1242 2167 1377 2246 faciem,

424 2287 606 2351 quousque
630 2268 705 2350 regi
737 2268 949 2332 Francorum
978 2287 1056 2332 cum
1086 2287 1127 2332 eo
1158 2274 1378 2350 pugnaturus

260 2386 295 2426 He
303 2394 354 2436 roos
362 2388 385 2424 to
425 2376 639 2433 occurreret:
673 2367 765 2433 unde
793 2367 934 2432 effracto
967 2387 1065 2431 muro
1094 2387 1113 2431 e
1144 2367 1287 2444 directo,
1317 2387 1378 2450 per

261 2436 391 2536 diff*
424 2477 623 2552 aperturam
645 2468 786 2545 factam,
812 2467 912 2552 cujus
935 2467 1037 2531 hodie
1057 2467 1241 2548 vestigium
1265 2473 1380 2531 osten-

424 2569 528 2646 ditur,
555 2586 727 2650 egressuS,
751 2568 960 2631 acceleravit
984 2567 1028 2630 ad
1057 2586 1163 2643 mare,
1185 2573 1378 2650 quartoque

423 2668 502 2732 idns
520 2668 608 2731 Maii
628 2669 664 2730 in
688 2665 940 2730 Normanniam
960 2666 1222 2744 transfretavit3
1245 2666 1303 2729 ubi
1319 2667 1378 2730 ob-

425 2768 517 2831 viam
557 2767 687 2830 habens
722 2764 746 2829 J
749 2785 895 2829 oannem
933 2765 1073 2828 fratrem
1113 2783 1226 2841 suum,
1267 2764 1377 2830 eidem

425 2865 694 2929 misericordiam
716 2865 848 2947 petenti
873 2883 977 2946 super
999 2856 1214 2940 *commissa
1240 2864 1378 2947 culpam

426 2965 666 3028 incunctanter
683 2963 906 3044 indulgendo,
924 2962 989 3026 hoc
1004 2962 1131 3026 dicitur
1145 2964 1376 3045 respondisse,

427 3063 593 3128 ‘Utinam
609 3062 700 3145 apud
725 3082 780 3127 me
805 3062 968 3126 delictum
992 3070 1090 3127 tuum
1110 3063 1144 3125 in
1169 3063 1376 3128 oblivionem

392 3191 395 3198 ·
426 3170 592 3240 transeat,
607 3163 659 3227 ita
674 3162 765 3245 quod
782 3162 874 3245 apud
892 3170 926 3226 tc
941 3171 1142 3245 permaneat
1159 3162 1194 3226 in
1214 3164 1379 3228 memoria

426 3263 518 3345 quod
534 3257 686 3327 fecisti.'⁵
739 3261 943 3339 Normanni,
958 3263 1109 3327 adventu
1130 3263 1221 3344 regis
1236 3263 1378 3327 Ricardi

424 3362 622 3440 confortati,
653 3361 829 3426 civitatem
863 3370 1155 3444 recuperaverunt
1183 3363 1377 3428 Ebroicam.

419 3462 508 3526 Rex
537 3471 653 3527 autem
681 3462 905 3539 Francorum,
932 3463 1059 3526 omissa
1087 3461 1264 3526 obsidione
1289 3462 1378 3527 Ver-

426 3562 522 3640 nolii‚
547 3582 589 3626 ne
612 3563 816 3626 revertendo
845 3561 1000 3625 Parisios
1026 3561 1112 3624 nihil
1137 3561 1260 3626 secisse
1282 3563 1378 3626 vide·

426 3668 533 3739 retur,
563 3661 849 3726 munitiunculam
875 3661 1049 3744 quandam
1079 3661 1181 3743 oepit,
1210 3661 1254 3724 ad
1278 3661 1378 3745 cujus

425 3761 619 3825 custodiam
636 3761 794 3844 deputati
809 3761 947 3824 fuerant
962 3760 1117 3824 homines
1134 3767 1269 3824 tantum
1288 3768 1376 3826 octo.

463 3951 552 4014 '‘pro
563 3951 706 4000 necessario
717 3952 772 3999 zelo
781 3947 798 4011 3’
810 3946 877 4000 D’A.
915 3951 962 3999 See
986 3951 1071 4012 Roget
1092 3950 1121 4000 oi
1143 3952 1294 4014 wendover,
1315 3954 1378 4002 with

460 4019 472 4052 2
487 4022 531 4069 ‘id
540 4016 554 4082 ;’
566 4022 605 4070 M.
619 4025 642 4069 et
655 4019 702 4069 Ar.
915 4020 976 4068 Var.
989 4021 1100 4070 Lectos
1112 4022 1237 4070 Matthew
1253 4021 1282 4071 os
1294 4023 1378 4085 Paris,

460 4089 471 4119 ³
486 4092 592 4150 ‘eisque
601 4086 616 4150 ;’
627 4090 665 4138 M.
675 4089 755 4138 etAr.
914 4103 938 4139 r.
953 4093 1009 4151 125,
1020 4094 1046 4138 to
1058 4106 1083 4151 p.
1095 4095 1136 4140 82.
1149 4094 1189 4140 16.
1201 4093 1251 4142 rol.
1263 4092 1300 4141 iii.
1329 4094 1379 4142 For

461 4157 471 4190 ⁴
487 4159 643 4208 ‘commissis
653 4156 669 4219 ;’
682 4159 721 4208 M.
915 4156 1048 4209 Richard’s
1060 4161 1187 4223 liberality
1199 4162 1287 4210 tobim
1299 4167 1326 4210 at
1336 4162 1378 4212 the

461 4227 471 4259 ⁵
488 4231 541 4278 But
551 4229 583 4278 he
597 4228 735 4277 refusedto
747 4233 850 4288 restore,
862 4233 889 4278 at
915 4231 1051 4292 beginning
1074 4231 1102 4279 of
1123 4231 1161 4278 his
1181 4231 1253 4294 reign
1273 4245 1315 4280 see
1334 4233 1378 4281 Ri-

426 4300 481 4348 that
499 4300 569 4361 time,
587 4299 627 4348 his
647 4299 721 4348 lands
740 4311 768 4348 or
787 4299 887 4349 castles.
914 4301 992 4349 chard
1004 4301 1032 4349 os
1040 4301 1194 4363 Devizes,p.
1207 4305 1232 4364 7,
1249 4297 1298 4364 §8.
