3204 5028
573 539 758 587 turinnes.
1077 524 1142 586 113

183 692 290 755 turris
310 713 417 775 prope
437 701 572 776 portam
596 715 673 778 quae
699 695 839 778 respicit
859 694 902 758 ad
930 694 1138 776 aquilonem,

183 789 229 854 de
258 793 424 858 mandato
455 795 548 876 regis
579 794 784 877 Auglorum,
817 795 890 876 regi
926 795 1137 859 Francorum

183 890 320 956 reddita
334 901 397 957 est.
449 894 605 958 Tandem
620 915 691 977 pan
714 896 936 960 intentantes
952 895 1137 978 principes,

184 982 401 1073 ¹magnatnm
425 995 582 1072 consilio,
608 996 793 1061 reformata
817 1002 870 1059 est
893 996 929 1058 in
952 994 1044 1059 hunc
1066 1016 1139 1060 mo-

183 1089 290 1156 dnmz
314 1091 508 1174 Anglorum
530 1095 604 1177 regi
623 1094 895 1161 restituebantur
916 1097 1043 1169 omnia,
1066 1101 1137 1159 tam

180 1188 346 1254 Castrum
368 1193 558 1275 Radulphi,
579 1213 683 1277 quam
703 1195 773 1260 alia
797 1203 878 1276 post
903 1213 1039 1258 crucem
1062 1215 1139 1258 sus-

183 1297 322 1372 ceptam
346 1293 476 1368 ablata,
503 1294 635 1358 scilicet
658 1295 750 1359 intra
779 1295 971 1358 Bituricam
997 1294 1138 1376 provin-

182 1390 283 1454 ciam.
337 1391 428 1474 Regi
458 1393 669 1457 Francorum
696 1401 877 1458 numerata
903 1401 986 1458 sunt
1014 1394 1138 1474 viginti

182 1489 293 1554 millia
308 1510 514 1570 marcarum,
530 1511 760 1575 expensarum
779 1493 928 1567 nomine,
946 1512 1033 1576 quos
1048 1493 1137 1557 sece-

181 1594 238 1652 rat
269 1590 361 1654 circa
388 1591 549 1656 Castrum
579 1592 769 1675 Radulphi.
823 1592 1049 1657 Postmodum
1076 1613 1138 1656 rex

184 1687 382 1770 Anglorum
407 1691 605 1774 homagium
634 1692 716 1756 fecit
743 1692 817 1773 regi
842 1692 1075 1772 Francorum3
1103 1699 1139 1756 et

183 1787 295 1852 eidem
329 1791 483 1872 quietum
515 1792 679 1857 clamavit
708 1791 872 1874 quicquid
905 1792 939 1854 in
972 1790 1138 1855 Alternia

183 1887 258 1969 ipse
280 1888 336 1952 vel
367 1891 637 1972 praedecessores
661 1891 715 1955 sui
739 1891 974 1973 possederant.
1029 1890 1138 1955 Facta

183 1996 267 2052 sunt
284 1988 359 2052 haec
375 1990 411 2053 in
426 1990 546 2072 vigilia
562 1991 798 2073 apostolorum
816 1990 914 2055 Petri
931 1997 967 2054 et
983 1989 1097 2054 Pauli.

235 2087 315 2152 Rex
332 2096 447 2152 autem
467 2090 641 2155 Henricus
660 2098 739 2172 post
758 2091 845 2167 haec,
862 2110 939 2153 cum
958 2096 1138 2171 regnasset
1151 2109 1254 2197 peatppr

183 2175 286 2250 annis
309 2189 455 2270 triginta
477 2197 638 2272 quatuor,
665 2191 838 2253 mensibus
861 2209 937 2266 sex,
959 2189 1137 2271 tribusque
1167 2170 1203 2207 ¹⁰⁸
1235 2170 1292 2206 ‘my'

183 2286 421 2365 hebdomadis,
443 2290 535 2371 apud
553 2288 743 2353 chinonem
760 2291 796 2354 in
814 2289 1053 2370 aegritudinem
1077 2288 1137 2352 de-

183 2386 316 2464 cidere,
342 2387 431 2452 diem
461 2407 562 2452 suum
588 2397 778 2453 extremum
807 2388 934 2452 clausit
953 2387 990 2449 in
1012 2394 1138 2450 octava

183 2487 365 2550 beatorum
382 2489 618 2570 apostolorum
635 2489 731 2553 Petri
753 2495 789 2552 et
806 2487 920 2552 Pauli.
973 2486 1138 2568 Sepultus
1150 2504 1295 2594 ¹{t1}⁸¹}²¹¹¹⁰‘¹

183 2605 267 2650 vero
292 2593 347 2650 est
369 2587 461 2669 apud
484 2581 822 2664 Fontem-Ebrardi,²
843 2587 878 2650 in
901 2585 1047 2650 ecclesia
1069 2566 1245 2650 mohvriia'.
1319 2569 1344 2610 '

184 2686 350 2766 nialinm3
382 2706 528 2768 quarum
558 2689 816 2764 monasterium,
849 2686 968 2750 multis
998 2685 1138 2767 praediis

183 2785 345 2862 ditatum,
361 2786 437 2868 ipse
452 2786 621 2851 fundavit.
675 2787 935 2862 Solemnitatem
951 2786 1138 2868 sepulturae

183 2884 259 2968 ejus
286 2894 493 2967 peregerunt
507 2887 721 2951 Turonensis
738 2893 774 2951 et
787 2886 1012 2950 Treverensis
1029 2886 1137 2949 archi-

184 2985 350 3066 episcopi,
384 2994 554 3068 praesente
583 2986 654 3050 filio
683 2979 809 3069 ³[ejus]
838 2985 990 3050 Ricardo
1013 2986 1138 3048 comite

184 3084 397 3150 Pictavensi.
450 3084 654 3150 contulerat
671 3085 736 3149 hoc
758 3105 849 3149 anno
866 3084 1041 3148 Henricus
1061 3104 1138 3166 per-

182 3190 324 3266 petuam
338 3184 591 3269 eleemosynam
612 3192 749 3250 centum
771 3203 963 3249 marcarum
985 3183 1138 3265 capitulo

185 3283 468 3347 cisterciensium
485 3276 756 3349 monachorum*

239 3381 319 3446 Hoc
342 3402 433 3446 anno
454 3385 490 3447 in
511 3384 601 3448 festo
629 3384 665 3447 S.
684 3382 827 3465 Georgii
851 3381 1053 3446 Fredericus
1074 3381 1137 3443 im·
1150 3399 1299 3446 rrumpere

1111 3479 1118 3493 ,
1149 3454 1193 3488 sets
1202 3453 1239 3486 out
1249 3448 1279 3486 lot

183 3490 325 3563 perator
349 3483 384 3544 in
405 3482 550 3547 Terram
573 3483 738 3548 Sanctam
759 3483 826 3546 iter
853 3479 1254 3587 peregrinationrspepsy

183 3601 248 3662 per
281 3587 406 3644 terram
441 3583 588 3665 arripuit
620 3583 712 3666 apud
744 3581 1045 3664 Reynesburgum,
1078 3598 1140 3661 per
1168 3559 1216 3588 ω’

187 3679 419 3760 Hungariam‚
446 3689 481 3745 et
504 3681 596 3745 ultra
617 3681 830 3757 Danubium,
853 3697 915 3762 per
937 3677 1139 3759 Bulgariam

185 3781 408 3845 transiturus.
460 3780 615 3846 Veniens
639 3790 754 3846 autem
784 3781 820 3843 in
842 3777 1038 3853 Thraciam,
1061 3797 1138 3840 cum

183 3878 391 3960 denegasset
420 3881 452 3944 ei
484 3879 672 3962 imperator
703 3880 906 3944 Graecorum
941 3877 1136 3982 ulteriorem

224 4158 230 4187 ¹
261 4157 345 4210 Hall's
374 4163 542 4213 emendation.
591 4163 651 4212 Cod.
711 4156 819 4222 ³‘ejus’
831 4161 854 4208 is
865 4160 927 4208 from
941 4161 979 4208 M.

187 4232 253 4292 Reg.
265 4232 312 4280 has
324 4228 506 4294 ‘magnorum’
711 4228 720 4258 ⁴
739 4232 786 4278 See
798 4231 883 4291 Roger
893 4229 922 4278 of
931 4230 1081 4289 Wendorer,
1092 4230 1139 4277 vol.

220 4299 231 4329 ²
248 4298 382 4363 ‘Eraudi3‘
396 4302 465 4352 D'A.
482 4302 652 4352 Fontevraud.
663 4335 666 4362 Ι
677 4301 704 4349 ii.
717 4316 743 4361 p.
752 4304 810 4349 444.

978 4415 988 4460 l
