3226 5020
443 477 511 544 308
812 495 885 544 nro.
903 496 1051 544 rarvnrr

447 651 567 748 audita
582 652 744 738 captione
763 653 892 732 David,
915 653 1033 719 comiti
1049 652 1245 718 Heriordiae
1270 672 1307 716 se
1325 646 1396 716 ¹de·

447 753 546 830 didit,
568 754 711 836 regique
734 754 902 831 redditus,
925 753 969 818 ad
992 755 1114 819 turrim
1138 749 1397 817 Londoniarum

286 864 391 908 Remove
449 847 574 916 missus
595 849 725 918 carceri
742 855 970 937 mancipatur.
1023 853 1153 918 Eodem
1177 872 1268 918 anno
1286 859 1399 916 trans-

287 916 429 1008 iilhieiiobif
449 954 523 1018 lata
539 960 593 1016 est
608 973 671 1035 per
687 973 803 1035 regem
820 953 960 1017 abbatia
977 953 1020 1018 (le
1035 947 1213 1017 ²Abercon
1225 952 1270 1015 ad
1285 950 1396 1015 locum

288 1022 378 1157 :fhiir
451 1045 569 1129 alium,
593 1061 896 1135 constructumque
922 1061 976 1118 cst
999 1052 1125 1116 ibidem
1140 1047 1221 1136 ³[ad
1245 1070 1400 1133 compes·

288 1127 354 1169 Μ’
452 1151 614 1239 cendum]
635 1154 845 1236 irruptiones
862 1152 1091 1216 Wallensium
1110 1159 1262 1216 castrum
1289 1150 1397 1215 forte:

453 1253 612 1317 fundarit
636 1260 672 1316 et
698 1271 761 1316 rex
783 1254 820 1316 in
845 1253 1013 1318 comitatu
1040 1251 1185 1317 cestriae
1208 1251 1312 1314 aliam
1341 1251 1401 1313 ab·

453 1353 583 1417 baliam
604 1352 848 1417 monachorum
870 1351 1164 1428 cisterciensium,
1186 1369 1290 1432 quam
1313 1350 1400 1414 mul·

454 1452 500 1516 tis
523 1452 669 1516 ditatam
695 1452 834 1534 praediis
849 1451 988 1516 Vallem
1014 1451 1184 1535 Regalem
1210 1450 1320 1514 voluit
1338 1469 1402 1534 ap·

454 1551 589 1635 paliari.
641 1550 815 1616 Concessa
837 1558 890 1615 est
912 1550 977 1616 hoc
1001 1571 1091 1616 anno
1115 1551 1189 1632 regi
1210 1551 1246 1612 in
1269 1569 1405 1632 guerrae

455 1671 528 1716 snae
556 1651 751 1715 subsidium
782 1671 803 1715 a
835 1650 964 1733 populo
995 1651 1181 1728 tricesima,
1211 1657 1246 1714 et
1268 1670 1290 1714 a
1312 1650 1405 1714 clero

456 1751 620 1815 vicesima
642 1770 723 1833 pars
745 1752 924 1815 bonorum.

293 1863 401 1954 3333&
508 1849 682 1914 Martinus
709 1869 813 1933 papa,
841 1837 1037 1914 Guidonem
1068 1849 1111 1913 de
1134 1849 1353 1914 Monte-forti
1384 1870 1406 1914 a

292 1964 394 2054 ¹,⁵”⁶,¹,},²⁶‘¹
456 1968 594 2013 carcere
616 1949 779 2027 liberans,
804 1951 933 2033 inquo
963 1970 1025 2032 per
1047 1948 1254 2030 Gregorium
1278 1969 1406 2032 papam

308 2025 321 2063 y
374 2022 434 2062 ψ’
456 2048 627 2112 decimum
655 2057 798 2132 propter
827 2049 1047 2114 homicidium
1075 2049 1111 2112 in
1142 2049 1288 2112 ecclesia
1312 2069 1408 2113 com·
1447 2107 1454 2126 ,

456 2149 598 2212 missum
632 2148 766 2231 positus
791 2148 916 2226 fuerat,
949 2150 1042 2213 misit
1071 2149 1108 2210 in
1138 2147 1403 2213 Romaniolam:

457 2268 560 2331 quam
583 2267 625 2314 eo
649 2268 739 2313 anno
766 2256 875 2314 totam
901 2249 1063 2326 obtinuit,
1088 2255 1236 2330 excepta
1264 2249 1405 2312 civitate

458 2348 641 2426 Urbinate,
657 2367 761 2431 quarn
780 2348 896 2413 Guido
915 2349 1044 2431 incepit
1063 2347 1218 2411 obsidere
1240 2348 1276 2411 in
1301 2368 1404 2412 manu

457 2449 612 2531 potenti3
640 2449 700 2513 sed
715 2441 803 2513 *cito
829 2455 908 2532 post
930 2449 1057 2513 omissa
1077 2447 1119 2510 de
1140 2447 1282 2511 licentia
1305 2467 1406 2531 papae

459 2549 637 2612 obsidione
672 2549 775 2612 dictae
812 2548 920 2625 urbiS,
954 2548 990 2611 in
1021 2546 1184 2611 Tusciam
1217 2547 1331 2624 rediit,
1366 2554 1406 2612 ut

458 2648 684 2712 hereditatem
700 2649 821 2711 uxoris
846 2668 930 2724 suae,
946 2655 1045 2730 patre
1061 2646 1136 2731 ejus
1162 2648 1287 2710 comite
1313 2647 1406 2712 Rufo

459 2755 608 2824 mortuo,
632 2756 826 2830 occuparet.
888 2746 1034 2812 Carolus
1059 2766 1121 2810 rex
1145 2746 1271 2810 Siciliae
1297 2747 1408 2830 prima

423 2873 427 2878 ·
462 2846 516 2909 die
537 2846 634 2910 Junii
659 2847 753 2910 venit
781 2847 826 2910 ad
849 2847 954 2928 plana
979 2846 1199 2928 Burdegalae,
1223 2847 1409 2912 comitante

461 2965 539 3008 eum
561 2965 642 3028 rege
666 2946 878 3011 Francorum
901 2965 978 3010 cum
1001 2945 1125 3011 militia
1147 2964 1276 3028 magna
1295 2947 1407 3012 valde

462 3045 517 3108 De
544 3045 644 3129 cujus
666 3045 818 3110 adventu
845 3046 974 3136 Petrus
1004 3047 1176 3128 quondam
1205 3045 1408 3128 Aragonum

382 3138 387 3149 “
462 3162 525 3208 rex
557 3147 793 3228 praemonitus,
823 3146 912 3210 diem
947 3147 1127 3229 praevenit,
1150 3165 1266 3211 coram
1292 3165 1409 3211 senes·

461 3233 552 3313 callo
584 3244 771 3311 Vasconiae
796 3254 993 3329 protestans
1021 3263 1059 3310 se
1095 3253 1255 3329 paratum
1293 3253 1408 3311 tenere

462 3354 614 3428 pactum,
641 3347 702 3410 sed
729 3366 798 3409 non
821 3366 933 3428 posse,
965 3363 1046 3427 rege
1073 3346 1284 3438 Franporum
1311 3347 1407 3411 veni·

462 3453 540 3509 ente
565 3465 641 3510 cum
666 3454 765 3509 tanta
787 3446 1006 3510 multitudine
1029 3445 1174 3510 militum
1194 3454 1316 3509 contra
1340 3446 1408 3510 sor-

462 3565 565 3608 mam.
627 3545 783 3610 Reverso
810 3545 987 3628 posthaec
1020 3544 1146 3610 Carolo
1174 3565 1257 3627 rege
1283 3545 1409 3612 Sicilire

461 3730 588 3791 phemiam
607 3730 706 3779 viscera
727 3731 784 3793 ejus
806 3728 923 3778 incendio
983 3725 1174 3778 ’‘Abercorun
1191 3728 1215 3790 ς’
1240 3730 1299 3778 Cod.
1324 3731 1408 3793 Roga

461 3799 659 3849 suntcremata.'
947 3798 1092 3848 ‘Albercon
1105 3799 1123 3858 ;'
1144 3797 1192 3848 Ar.
1208 3801 1274 3848 22⁰:
1302 3800 1408 3849 ‘diber-

498 3874 522 3919 4.
540 3871 627 3921 ‘Quia
638 3871 663 3917 in
675 3870 791 3930 pluribus
799 3869 924 3917 locisAn·
947 3868 1053 3928 tornm3'
1069 3868 1151 3917 M:
1169 3870 1215 3916 but
1226 3869 1263 3917 lor
1280 3884 1367 3919 names
1384 3871 1412 3919 ol

462 3941 521 4002 gliae
541 3945 644 3988 mortem
655 3939 750 3987 domini
762 3939 829 4000 regie
841 3937 924 3986 luerat
947 3939 1034 3999 places
1054 3936 1215 3999 D’Achery's
1232 3939 1326 3988 edition
1345 3941 1368 3989 is
1382 3943 1408 3989 in

461 4010 630 4069 machinatus,
640 4009 795 4057 membratim
813 4013 852 4056 est
866 4022 923 4068 par·
948 4009 1050 4070 general
1062 4009 1197 4058 valueless.

460 4082 522 4128 titus
539 4085 565 4128 et
584 4093 630 4140 per
648 4079 749 4126 climata
768 4077 870 4138 Angliae
890 4077 922 4126 ad
984 4076 994 4105 ³
1011 4078 1093 4126 These
1110 4077 1194 4127 words
1216 4092 1259 4126 are
1279 4077 1342 4128 lrom
1359 4078 1408 4128 Ar.

457 4153 578 4208 terrorem
597 4148 788 4209 malignantium
811 4147 923 4196 destina·
950 4144 1408 4210 cod.Reg.has‘eontrairrnptionee.'

460 4213 519 4267 tus’
983 4215 993 4244 ⁴
1010 4217 1073 4267 ‘scd
1090 4219 1141 4267 cito
1156 4223 1214 4278 post
1225 4219 1360 4268 commissa
1370 4219 1409 4267 di·

495 4285 502 4319 ¹
519 4288 528 4315 ‘
538 4285 610 4335 dedit
615 4280 632 4346 ;’
644 4283 713 4336 D’A.
725 4288 749 4334 et
760 4284 807 4336 Ar.
818 4289 877 4336 22⁰.
947 4286 1054 4348 ligentia
1065 4303 1140 4350 papae
1149 4283 1165 4347 ;'
1177 4288 1226 4338 Ar.
