3204 5028
449 519 514 584 126
807 535 879 582 mc.
903 533 1050 580 umvmr

287 707 424 797 qemun
450 692 576 757 obtulit
609 692 809 756 custodibus
843 691 1079 774 mancipanda.
1147 690 1335 766 Praeterea,
1367 691 1402 753 in

287 763 433 858 {tow
450 792 718 857 satisfactionem
756 793 911 874 pecuniae
945 791 1101 874 direptae,
1135 789 1233 854 daret
1267 809 1402 854 marcas

451 886 682 975 ¹quingentas.
746 892 784 955 Si
824 893 914 955 enim
951 911 1013 954 rex
1046 890 1152 975 juxta
1187 889 1403 954 conditiones

450 992 552 1057 datas
577 991 724 1060 fideliter
747 993 974 1074 perpenderet
1000 1010 1076 1055 eum
1100 990 1279 1066 militasse,
1302 990 1402 1053 resti·

451 1099 563 1156 tuerat
596 1093 628 1156 ei
653 1111 731 1155 cum
759 1092 913 1155 amicitia
937 1097 1105 1173 perpetua
1129 1089 1336 1154 munitiones
1367 1097 1402 1154 et

288 1205 337 1295 (Ἧι
346 1205 424 1245 broken
451 1200 574 1257 castra.
628 1191 716 1256 Cum
746 1200 862 1255 autem
890 1210 952 1254 rex
983 1190 1156 1255 Ricardus
1187 1189 1401 1254 conditiones

450 1291 512 1356 bas
546 1298 770 1374 acceptasset,
804 1311 883 1356 ecce
912 1291 1071 1372 sequenti
1105 1297 1217 1365 nocte,
1252 1289 1400 1372 quodam

449 1390 559 1455 milite
584 1383 735 1455 ²nomine
757 1390 903 1473 Pagano
932 1390 974 1454 de
1000 1389 1162 1472 Gayphas
1193 1397 1401 1470 suggerente

449 1490 659 1555 mendaciter
690 1491 901 1572 imperatori,
934 1489 1025 1572 quod
1059 1487 1232 1553 Ricardus
1262 1488 1401 1552 volebat

449 1609 526 1653 eum
561 1610 681 1673 rapere
716 1598 751 1655 et
782 1589 930 1655 vinculis
972 1589 1182 1672 mancipare,
1213 1588 1401 1669 imperator

447 1689 534 1772 ipse,
561 1697 695 1754 mutato
720 1691 912 1772 proposito,
937 1688 980 1752 ad
1008 1690 1131 1752 urbem'
1152 1687 1398 1769 Famagustam

449 1789 606 1853 tentoriis
623 1789 696 1852 suis
720 1789 849 1853 relictis
867 1789 1013 1870 aufugit.
1067 1787 1145 1866 Quo
1169 1787 1299 1865 audito,
1322 1807 1399 1869 per·-

448 1895 586 1952 secutus
614 1897 668 1953 est
693 1908 770 1952 eum
797 1908 857 1952 rex
880 1888 1066 1964 Ricardus,
1097 1895 1132 1952 et
1160 1887 1275 1950 omnia
1302 1888 1399 1968 regni

448 1987 601 2070 ejusdem
633 1995 749 2052 castra
777 1988 1065 2071 munitionesque,
1089 1988 1126 2050 in
1153 2007 1298 2071 quarum
1330 2007 1399 2050 una

449 2095 551 2169 capta
582 2095 635 2152 est
667 2089 884 2170 imperatoris
922 2088 1005 2166 filia,
1039 2083 1216 2170 ³potenter
1252 2087 1399 2167 subegit.

287 2204 437 2294 rfngempemr
449 2185 670 2270 Perpendens
688 2195 802 2252 autem
820 2181 1025 2270 ⁴imperator
1041 2206 1079 2250 se
1093 2187 1180 2251 satis
1203 2188 1318 2267 urgeri
1340 2185 1401 2264 ad-¹

285 2265 408 2395 Ξιῶἶέιζοῗι
449 2288 569 2363 versis,
595 2287 710 2351 missis
743 2289 867 2370 legatis
897 2287 941 2352 ad
972 2287 1161 2352 Ricardum
1191 2306 1306 2367 regern
1338 2307 1400 2368 pro

343 2366 354 2395 ⁰
372 2383 378 2403 ’
449 2387 584 2469 agenda
600 2406 664 2452 sua
684 2407 801 2464 causa,
819 2388 893 2471 ipse
911 2407 931 2452 a
949 2394 1064 2451 castro
1082 2406 1145 2450 suo
1161 2386 1204 2449 de
1221 2381 1400 2450 ⁵Tandora

450 2486 668 2562 descendens,
705 2488 909 2552 subsecutus
944 2494 998 2551 est
1028 2487 1149 2550 habitu
1181 2486 1338 2567 lugubris
1367 2493 1402 2550 et

451 2587 549 2650 vultu
571 2586 738 2670 dejectus,
760 2588 967 2669 veniensque
990 2587 1034 2651 ad
1060 2605 1187 2668 regem,
1213 2604 1250 2648 se
1270 2586 1401 2648 miseri-

288 2703 433 2744 rnrmnno
450 2685 575 2749 cordiae
596 2688 672 2769 ejus
703 2706 747 2749 ex
774 2694 849 2752 toto
876 2685 1047 2750 submisit.
1100 2684 1158 2749 Sic
1185 2684 1275 2748 infra
1300 2686 1399 2767 quin-

287 2755 405 2842 {illiti
450 2784 560 2848 decim
575 2785 647 2848 dies
665 2806 727 2849 rex
745 2785 918 2850 Ricardus
939 2785 1086 2850 insulam
1108 2783 1216 2868 Cypri
1238 2785 1399 2861 obtinuit,

286 2853 379 2903 cmm*
450 2890 485 2947 et
498 2885 570 2946 suis
586 2904 661 2948 eam
676 2885 936 2950 inhabitandam
954 2885 1136 2950 commisit.

286 3001 412 3092 gqffi·
499 2976 599 3048 ⁶Rex
619 2985 662 3048 ad
681 2985 974 3050 transfretandum
990 2984 1172 3062 accelerat,
1190 2984 1402 3066 sarcinisque

288 3102 387 3142 roenna
449 3082 638 3164 dispositis,
661 3093 696 3148 et
718 3086 930 3166 spirantibus
952 3085 1077 3162 ventis,
1100 3084 1215 3148 soluta
1232 3091 1285 3148 est
1300 3103 1322 3146 a
1343 3083 1400 3146 lit·
1495 3126 1498 3131 -

450 3189 523 3246 tore
546 3183 675 3247 classis.
728 3184 950 3249 Sulcantibus
965 3204 1048 3249 vero
1067 3203 1161 3247 mare
1176 3175 1281 3248 ⁷citra
1304 3183 1402 3246 Sido-

286 3302 312 3390 pn
311 3301 436 3400 &33:31
450 3301 527 3345 nem
537 3303 657 3348 versus
666 3284 800 3348 Baruth
812 3285 976 3366 apparuit
985 3285 1084 3348 navis
1098 3283 1256 3366 quaedam
1269 3283 1401 3364 magni-

286 3401 360 3440 wma
449 3381 567 3446 tudine
583 3384 760 3460 mirabilis
778 3385 888 3447 tribus
904 3384 1004 3447 malis
1021 3384 1198 3448 altissimis
1213 3383 1401 3464 fastigiata.

286 3451 398 3491 vendrous

286 3502 377 3590 spiram
450 3481 642 3547 Ferebatur
658 3489 773 3547 autem
791 3490 935 3547 onerata
950 3490 1087 3547 centum
1106 3483 1313 3547 camelorum
1330 3501 1402 3545 sar-

286 3562 340 3601 ⁸¹''
449 3581 546 3658 cinis,
573 3584 684 3647 omnis
707 3583 843 3663 generis
866 3603 1037 3647 armorum
1063 3577 1215 3664 ⁸magnis
1245 3581 1402 3658 cumulis,

449 3681 664 3760 balistarum,
676 3702 830 3759 arcuum,
846 3682 1006 3766 pilorum,
1019 3690 1053 3745 et
1065 3683 1271 3764 sagittarum
1284 3703 1292 3760 ;
1316 3675 1403 3762 ⁹sep-

483 3973 490 4004 ¹
509 3976 575 4024 ‘tria
585 3976 665 4023 millia
677 3975 828 4036 quingentas
837 3970 852 4034 ;'
865 3972 912 4023 Ar.
973 3970 983 4002 ⁶
999 3972 1118 4021 ‘Exinde
1129 3987 1174 4021 rex
1183 3973 1201 4034 3'
1213 3973 1260 4022 Ar.

481 4041 493 4073 ²
508 4040 636 4093 ‘nomine'
649 4045 671 4092 is
682 4043 746 4093 from
757 4045 795 4094 M.
805 4045 854 4092 and
864 4042 911 4093 Ar.
973 4039 983 4072 ⁷
999 4043 1086 4092 ‘circa
1097 4038 1112 4104 ;'
1125 4038 1192 4092 MA.

483 4111 494 4144 ³
509 4117 641 4175 ‘potenter
647 4109 662 4174 ;’
681 4114 744 4162 from
756 4115 795 4162 M.
973 4111 983 4140 ⁸
998 4113 1115 4172 ‘magnis
1137 4113 1257 4162 videlicet
1276 4110 1401 4177 cumulis,‘

481 4181 492 4213 ⁴
510 4184 667 4243 ‘imperator
693 4198 720 4232 se
744 4183 804 4233 tatis
825 4183 911 4245 urgeri
937 4188 1001 4243 etc.;
1021 4184 1081 4231 Cod.
1094 4183 1176 4244 Reg..·
1194 4184 1309 4245 ‘magnis
1325 4185 1400 4234 etiam

447 4253 562 4302 adversis
571 4248 585 4310 ;‘
598 4254 636 4301 M.
648 4258 672 4301 et
681 4251 728 4302 Ar.
937 4247 1061 4313 cumulis,'
1074 4257 1138 4312 etc.;
1150 4252 1189 4301 M.

481 4322 491 4352 ⁵
509 4319 664 4383 ‘Candera3’
677 4323 716 4372 M.
728 4327 752 4372 et
763 4322 810 4370 Ar.
971 4319 981 4352 ⁹
997 4323 1102 4384 ‘ibique
1112 4318 1126 4383 ;'
1139 4319 1208 4371 D’A.
