3252 5026
619 523 801 571 anninus.
1124 506 1189 572 223

235 685 361 744 erecta.
415 678 618 743 Cantorissa
636 699 719 744 vero
742 679 846 744 certis
866 678 1079 761 perpendens
1098 679 1326 783 indi-33:313·the

237 781 299 843 ciis
323 780 525 844 miraculum
553 780 646 862 quod
674 781 881 861 contigerat,
899 779 1027 843 omisso
1053 779 1188 861 psalmo
1202 795 1335 834 Dominum-

239 879 451 957 ‘Miserere’
486 879 561 944 ‘Te
596 880 709 944 Duum
744 873 991 961 ¹[laudamus]'
1020 879 1190 943 altissima

240 999 325 1044 voce
340 979 524 1044 intonavit.
577 979 749 1044 Commoti
771 980 876 1044 vicini
902 978 1086 1044 altitudine
1106 999 1189 1043 can·

241 1088 298 1145 tus
332 1080 461 1144 insueti
496 1073 734 1156 ²conveniunt,
767 1087 803 1144 et
834 1080 975 1161 cognita
1008 1099 1045 1142 re
1078 1086 1189 1161 gesta,

241 1180 354 1244 Duum
372 1199 449 1243 cum
468 1178 517 1244 eis
534 1181 664 1262 pariter
678 1179 920 1244 laudaverunt.

292 1280 336 1342 In
360 1279 478 1362 Praga
495 1299 590 1358 vero,
613 1298 692 1363 quae
723 1287 776 1344 est
797 1278 998 1362 metropolis
1021 1279 1188 1356 Boemiae,

240 1400 330 1444 uxor
359 1378 539 1468 cujusdam
570 1380 708 1444 nomine
740 1379 919 1444 Elizabeth
948 1379 1188 1461 impraegnata,

241 1500 319 1543 cum
341 1486 421 1562 post
437 1487 573 1563 tempus
590 1479 731 1563 aliquod
755 1499 849 1542 more
872 1479 1052 1542 mulierum
1075 1480 1187 1560 gravi-

240 1580 361 1644 darum
384 1580 573 1648 animatum
596 1581 761 1644 sensisset
778 1580 913 1657 foetum,
929 1585 1045 1643 tamen
1065 1598 1187 1660 appro

239 1681 431 1763 pinquante
465 1679 552 1744 hora
587 1687 721 1762 partos,
753 1680 885 1743 nullum
917 1686 1049 1743 motum
1083 1678 1188 1742 foetus

240 1781 349 1844 sensit
363 1800 425 1863 per
438 1780 591 1844 triduum
616 1787 861 1862 antepartum.
914 1779 1016 1843 Unde
1042 1778 1188 1842 multum

240 1886 471 1958 consternata,
487 1900 565 1945 cum
581 1881 617 1943 in
640 1880 806 1963 pariendo
831 1880 985 1961 graviter
1001 1879 1187 1957 laboraret,

240 1980 382 2044 devovit
397 1980 617 2057 infantulum,
635 1981 665 2043 si
681 1980 855 2044 masculus
872 1985 976 2057 esset,
992 1979 1091 2043 fratri
1105 1978 1129 2043 J
1132 1999 1187 2042 or·

240 2079 351 2154 dano;
376 2080 550 2145 affirmans
571 2080 783 2162 impossibile
800 2099 879 2144 eum
895 2099 965 2144 non
984 2099 1060 2143 esse
1075 2080 1188 2143 virum

240 2187 409 2256 sanctum,
429 2181 488 2263 qui
511 2187 609 2244 tanta
630 2181 781 2262 puritate
800 2179 880 2244 vitae
900 2186 936 2243 et
953 2178 1131 2256 doctrinae,
1148 2187 1189 2244 ut

239 2281 432 2359 audiverat,
452 2281 650 2359 claruisset3
673 2281 703 2342 si
726 2286 842 2344 autem
864 2279 994 2343 femina
1009 2278 1110 2356 foret,
1127 2279 1187 2342 de·

239 2381 336 2444 vovit
347 2399 421 2444 eam
438 2387 567 2445 sanctae
582 2379 775 2456 Elizabeth,
790 2399 868 2462 quae
882 2398 904 2443 a
915 2397 1006 2460 papa
1016 2377 1187 2460 Gregorio

239 2482 445 2545 canonizata
460 2479 574 2544 fuerat
591 2487 672 2544 tunc
689 2480 732 2543 de
749 2500 851 2544 novo.
904 2479 1063 2561 Denique
1085 2484 1187 2542 natus

240 2588 294 2645 est
308 2581 423 2644 infans
446 2581 633 2658 masculus,
657 2581 718 2644 sed
741 2587 916 2644 mortuus:
941 2577 1033 2662 quod
1057 2585 1097 2641 ut
1114 2597 1187 2642 cer·

239 2680 309 2744 tius
335 2680 573 2764 experirentur
598 2681 814 2758 obstetrices,
838 2699 917 2743 cum
941 2685 1034 2742 esset
1052 2684 1187 2760 tempus

212 2801 215 2807 ·
240 2780 398 2858 hiemale,
414 2781 451 2845 in
467 2799 557 2862 aqna
576 2780 798 2862 frigidissima
819 2800 964 2863 puerum
981 2786 1185 2861 posuerunt3

239 2881 300 2944 sed
317 2899 380 2945 nec
393 2881 443 2944 sic
459 2881 495 2944 in
509 2898 550 2944 eo
560 2881 735 2963 percipere
750 2887 937 2965 potuerunt
954 2879 1072 2962 aliqua
1087 2879 1188 2960 signa

239 2980 335 3045 vitae.
387 2980 497 3064 Super
513 3000 582 3063 quo
608 2987 719 3045 mater
740 2979 1033 3045 inconsolabiliter
1051 2978 1187 3063 ejulans

239 3099 260 3144 a
294 3081 407 3145 medio
439 3100 538 3163 paene
567 3081 679 3144 noctis
710 3081 754 3144 ad
787 3080 978 3144 orationem
1008 3097 1187 3156 conversa,

239 3182 402 3244 continue
439 3181 571 3264 adspici
604 3180 735 3244 faciens
768 3181 948 3255 infantem,
978 3180 1073 3242 beati
1105 3177 1130 3242 J
1132 3198 1187 3241 or-

240 3279 322 3344 dani
346 3281 575 3363 patrocinium
604 3281 792 3345 invocavit.
846 3279 934 3344 Cum
958 3285 1074 3342 autem
1097 3277 1188 3341 dies·

239 3387 344 3457 ceret,
376 3381 538 3464 apparuit
565 3379 679 3444 infans
710 3380 823 3456 vivus,
854 3398 917 3462 pro
947 3398 1017 3460 quo
1049 3377 1128 3440 Duo
1154 3383 1189 3440 et

240 3478 309 3544 S.J
311 3480 441 3545 ordano
453 3482 585 3562 gratias
596 3499 715 3563 agens,
727 3480 763 3543 in
775 3479 1010 3544 testimonium
1019 3476 1188 3553 miraculi,

239 3579 353 3661 ipsum
374 3581 541 3646 infantem
563 3581 600 3644 in
621 3581 831 3663 baptismate
846 3577 1041 3643 Jordanum
1059 3577 1188 3641 consti-

239 3680 307 3744 tuit
323 3681 503 3764 appellari.

290 3778 387 3844 Obiit
402 3781 584 3857 Ricardus,
599 3779 843 3846 Dunelmensis
857 3778 1050 3862 episcopus.
1097 3775 1190 3840 Otho

238 3879 376 3961 legatus
401 3882 495 3946 venit
515 3882 552 3944 in
577 3879 753 3963 Angliam.
807 3880 903 3944 Data
931 3885 984 3942 est
1009 3877 1074 3941 hoc
1099 3895 1190 3940 anno

238 3972 331 4062 ²regi
345 3981 520 4045 tricesima
534 4000 615 4064 pars
629 3983 810 4046 bonorum.

271 4196 281 4228 ¹
292 4198 355 4247 'l'his
362 4198 434 4248 word
441 4199 464 4246 is
471 4197 535 4248 from
543 4196 605 4258 Aa,
613 4197 698 4247 which
762 4193 773 4227 ²
788 4196 918 4259 ‘undique
929 4193 1101 4258 conveniunt;’
1113 4197 1160 4247 Ar.

238 4269 295 4319 MS.
311 4269 385 4318 omits
403 4268 498 4330 ‘voca'
514 4268 565 4316 aud
580 4268 642 4316 with
661 4268 699 4317 M.
762 4265 772 4294 ³
787 4266 859 4329 ‘regi
880 4283 896 4316 a
913 4268 980 4318 clero
995 4272 1020 4316 et
1036 4269 1130 4330 populo
1147 4268 1191 4316 tri·

237 4333 656 4388 bas‘inchoarit’lor‘intonavit.’
726 4332 844 4397 cesima?
857 4338 896 4387 M.
