3226 5020
431 474 497 538 284
790 493 864 540 uro.
889 493 1036 542 rntvsrr

431 649 466 712 in
487 650 728 731 imperatorem
752 649 1002 728 Romanorum,
1020 651 1081 733 qui
1105 671 1195 715 anno
1214 654 1333 717 eodem
1351 654 1387 716 in

268 763 359 852 {3353
431 769 546 830 regem
580 747 796 812 Alemanniae
829 749 1028 813 solemniter
1056 757 1250 818 coronatur.
1315 753 1385 816 Ed·

267 865 358 902 towards
430 850 568 933 wardus
589 847 625 910 in
648 846 772 912 Achon
801 847 1073 913 Christianorum
1101 857 1136 913 et
1158 850 1384 916 Tartarorum

266 915 371 964 mm
430 949 562 1013 auxilio
576 948 706 1011 diutius
722 947 850 1012 flustra
865 956 1062 1031 expectato,
1080 950 1209 1014 relictis
1221 952 1264 1015 ad
1282 959 1384 1017 terrae

430 1049 660 1112 defensionem
687 1048 918 1130 stipendiariis
946 1048 1132 1125 nonnullis
1155 1070 1261 1114 naves
1284 1071 1384 1134 repa·

430 1147 599 1211 triaturus
638 1147 843 1228 ingrediens,
894 1167 998 1211 cursu
1042 1148 1190 1214 velivolo
1231 1150 1382 1214 Siciliam

431 1266 540 1330 usque
573 1247 750 1330 pervenit;
785 1247 843 1310 ubi
873 1265 895 1310 a
928 1267 1010 1328 rege
1042 1246 1168 1312 Carolo
1195 1249 1382 1322 honorifice

430 1355 624 1429 susceptae,
642 1367 719 1410 cum
739 1366 800 1428 per
816 1347 888 1410 dies
907 1347 1053 1430 aliquos,
1078 1348 1252 1413 recreandi
1269 1343 1383 1431 gratia

430 1465 467 1509 se
482 1452 518 1510 et
532 1465 626 1522 snos,
649 1447 881 1522 remansisset,
901 1466 1055 1511 rumores
1079 1449 1189 1530 primo
1207 1449 1249 1512 de
1273 1457 1383 1514 morte

430 1546 484 1608 sui
502 1546 563 1609 filii
586 1546 742 1621 Henrici,
769 1565 810 1610 ac
831 1547 1050 1627 postmodum
1074 1547 1117 1611 de
1141 1554 1250 1611 morte
1272 1550 1381 1631 patris

266 1664 369 1706 nialus
429 1645 573 1727 accepit.
628 1644 699 1723 Qui
722 1645 803 1708 dum
826 1653 970 1710 mortem
994 1647 1104 1729 patris
1128 1648 1252 1710 anxius
1276 1667 1379 1730 quam

267 1717 330 1765 Μ’
429 1744 491 1806 filii
518 1744 709 1826 plangeret,
737 1763 758 1808 a
786 1764 866 1826 rege
893 1744 1019 1809 Carolo
1049 1746 1124 1809 vice
1155 1747 1381 1812 consolatoris

428 1844 612 1907 assistente
641 1843 893 1926 plurimumque
924 1845 1070 1908 mirante
1099 1865 1204 1929 super
1231 1847 1296 1911 hoc
1325 1867 1380 1910 re-

427 1941 587 2024 quisitus,
608 1943 735 2006 dicitur
759 1945 988 2026 respondisse,
1016 1944 1197 2009 Jacturam
1231 1946 1379 2011 filiorum

427 2042 573 2120 facilem,
597 2062 675 2105 cum
703 2043 829 2107 cotidie
856 2044 1153 2126 multiplicentur3
1183 2046 1379 2110 irremedia-

426 2143 528 2205 bilem
547 2161 629 2206 vero
647 2161 722 2205 esse
739 2151 918 2224 parentum
940 2150 1096 2219 mortem,
1121 2145 1180 2225 qui
1203 2155 1380 2228 nequeunt

426 2243 625 2306 restaurari.
684 2241 843 2325 Denique
872 2243 1102 2307 discedentem
1130 2244 1275 2308 conduci
1296 2245 1379 2310 fecit

425 2361 488 2422 per
505 2340 668 2406 Carolum
691 2340 797 2405 filium
819 2361 932 2418 suum,
955 2362 1065 2425 usque
1088 2343 1132 2406 ad
1152 2344 1293 2407 ultimos
1312 2351 1379 2412 ter-

426 2443 537 2505 minos
565 2441 662 2522 regni
690 2441 755 2506 sui.
809 2440 895 2505 Cum
924 2448 1040 2505 autem
1068 2442 1112 2504 ad
1137 2443 1394 2512 Urbem-veter

426 2560 509 2618 rem,
544 2541 604 2604 ubi
637 2559 729 2623 papa
751 2559 828 2606 cum
857 2559 922 2604 sua
943 2542 1040 2605 curia
1066 2542 1248 2621 residebat,
1272 2544 1376 2609 adve-

425 2641 545 2716 nisset,
580 2641 836 2704 occurrentibus
883 2640 914 2704 ei
956 2641 1186 2705 cardinalibus
1220 2643 1378 2708 omnibus

425 2760 503 2803 cum
528 2739 656 2803 honore
682 2741 847 2816 maximo,
879 2740 923 2803 ad
950 2741 1079 2804 domini
1102 2760 1203 2823 papae
1225 2761 1375 2824 praesen-

425 2839 510 2902 tiam
535 2845 589 2903 est
624 2838 802 2903 deductus,
866 2837 932 2903 Cui
954 2859 1059 2922 super
1085 2847 1195 2904 morte
1229 2861 1376 2906 consan-

425 2938 542 3018 guinei
565 2937 619 3000 sui
640 2936 784 3002 Henrici
811 2939 854 3002 de
878 2937 1084 3003 Alamannia
1108 2941 1247 3004 anxiam
1270 2941 1376 3025 depo-

424 3036 494 3111 suit
511 3036 778 3118 querimoniam3
802 3057 917 3120 quem,
940 3059 1009 3102 non
1030 3038 1132 3102 modo
1154 3041 1189 3103 in
1211 3041 1376 3106 offensam

418 3134 510 3218 juris
539 3134 691 3212 humani,
722 3156 743 3199 a
775 3136 937 3201 Guidone
958 3138 1001 3202 de
1032 3139 1265 3219 Monte-forti,
1294 3142 1374 3205 dum

423 3235 604 3298 missarum
636 3235 812 3300 solemniis
842 3238 1031 3313 assisteret,
1065 3241 1249 3304 constabat
1270 3241 1376 3306 inter-

422 3333 562 3412 fectum,
586 3336 645 3399 sed
669 3337 705 3398 in
728 3343 962 3419 contemptum
986 3337 1152 3415 ecclesiae,
1170 3345 1206 3403 et
1227 3341 1373 3404 scanda-

422 3433 493 3496 lum
519 3435 667 3498 nominis
697 3430 895 3499 Christiani.
949 3435 1048 3519 Papa
1069 3437 1177 3518 igitur
1199 3438 1253 3501 his
1282 3459 1374 3504 com·

422 3540 537 3597 motus
583 3529 775 3598 Guidonem
824 3536 1148 3614 excommunicavit,
1187 3557 1373 3623 omnesque

422 3652 500 3696 eum
525 3640 764 3716 receptantes3
805 3642 840 3698 et
870 3654 1050 3718 quousque
1084 3636 1236 3701 ecclesiae
1270 3640 1373 3703 satis·

422 3732 530 3808 fieret,
548 3740 658 3798 terras
674 3753 792 3798 eorum
809 3736 993 3817 supposuit
1007 3736 1200 3801 interdicto.

260 3858 366 3949 ,³332ss
473 3831 662 3896 Discedens
684 3834 830 3916 denique
854 3854 916 3898 rex
937 3835 1128 3899 Edwardus
1150 3855 1171 3898 a
1193 3836 1290 3900 curia
1311 3857 1377 3918 per

258 3910 381 4010 progressa
421 3931 580 3996 civitates
612 3932 726 3996 Italiae
750 3926 980 4015 progreditur,
1000 3935 1137 4018 ubique
1167 3942 1326 4018 receptus
1352 3958 1374 4002 a

421 4031 554 4095 civibus
584 4050 661 4094 cum
699 4033 826 4113 gaudio
858 4034 1009 4097 maximo
1042 4041 1076 4098 et
1099 4034 1240 4099 honore.
1293 4029 1372 4102 ¹In-

419 4148 581 4210 gressuro
604 4137 715 4192 autem
749 4131 958 4196 Sabaudiam
988 4132 1124 4215 praelati
1151 4154 1191 4197 ac
1214 4154 1372 4216 proceres

768 4288 775 4321 ¹
792 4293 944 4354 ‘Ingressus
952 4288 966 4353 ς’
978 4293 1016 4343 Μ.
