3226 5020
599 499 779 550 runicus.
1102 484 1168 552 273

211 656 362 739 Angliae,
385 657 421 719 in
448 657 610 721 feretrum
638 675 778 722 aureum
801 658 895 740 qnod
923 656 956 722 ei
982 651 1166 741 paraverat

209 763 263 820 est
293 751 525 820 translatum.¹
575 756 733 821 Joannes
766 758 809 821 de
833 758 1019 835 warenna,
1048 778 1164 823 comes

211 855 360 919 Surreiae
386 849 439 920 ²et
465 855 634 933 Susexiae,
661 857 813 922 Alannm
839 857 875 920 la
898 857 1046 935 Souche,
1072 859 1163 940 regis

206 955 445 1039 justitiarium,
480 957 515 1018 in
551 957 633 1020 aula
663 957 977 1034 westmonasterii,
1011 958 1162 1023 subortis

212 1055 302 1119 inter
324 1057 526 1133 eos'verbiS,
549 1075 652 1120 manu
678 1057 817 1139 propria
841 1056 1023 1122 interfecit.
1070 1056 1161 1122 Con-

211 1155 364 1233 radinuS,
382 1175 489 1238 nepos
507 1155 679 1220 Frederici
697 1155 777 1219 olim
795 1157 1012 1239 imperatoris
1029 1177 1074 1220 ex
1091 1156 1162 1221 filio

212 1253 383 1330 Conrado,
407 1262 533 1337 patruo
553 1274 617 1320 suo
641 1255 825 1320 Manfredo
841 1263 990 1332 mortue,
1005 1257 1162 1339 aspirans

210 1355 254 1418 ad
270 1375 413 1437 regnum
434 1343 559 1419 Siciliae
575 1355 706 1420 auxilio
723 1355 1004 1432 Teutonicorum,
1018 1355 1163 1439 adjunc-

211 1454 254 1518 tis
279 1454 329 1518 eis
353 1455 614 1537 quamplurimis
640 1454 845 1518 Lumbardis
865 1462 900 1518 et
927 1455 1063 1532 Tuscis,
1086 1455 1161 1519 Ro-

212 1573 303 1617 mam
335 1573 445 1636 usque
470 1555 646 1636 pervenit:
681 1556 740 1618 ubi
768 1573 845 1618 cum
873 1555 1042 1636 imperiali
1068 1574 1162 1620 more

210 1653 410 1717 solemniter
430 1654 551 1718 fuisset
578 1662 748 1736 receptus,
775 1654 945 1718 associato
969 1655 1034 1717 sibi
1062 1663 1162 1718 sena-¹

209 1762 284 1817 tore
307 1753 400 1816 urbis
425 1754 579 1817 Henrico
602 1754 708 1817 fratre
731 1753 822 1835 regis
841 1752 1016 1830 Castellae,
1037 1761 1072 1818 et
1089 1753 1160 1818 Ro·

208 1853 319 1916 manis
341 1852 614 1936 quamplurimis,
644 1862 765 1917 contra
792 1873 907 1933 regem
938 1852 1102 1917 Carnium
1124 1855 1161 1918 in

209 1972 313 2016 manu
344 1952 426 2016 sorti
448 1952 611 2034 Apuliam
641 1953 805 2029 intravit3
838 1953 899 2016 sed
928 1960 1008 2036 post
1037 1953 1161 2016 durum
1256 1983 1259 1990 ·

208 2060 399 2133 campestre
434 2052 573 2129 bellum,
604 2051 821 2117 Conradinus
851 2072 928 2116 cum
959 2052 1031 2116 suis
1061 2059 1161 2135 terga

210 2153 422 2216 vertentibus
447 2153 594 2234 capitur,
617 2159 651 2217 et
676 2172 753 2216 cum
780 2152 898 2217 multis
923 2151 966 2215 de
994 2154 1162 2233 sanguiue

209 2271 272 2315 suo
309 2251 492 2328 nobilibus,
525 2252 627 2335 jussu
663 2251 755 2334 regis
792 2250 920 2326 Caroli,
958 2251 1161 2316 decollatur.

211 2351 385 2415 Henricus
410 2358 524 2415 autem
549 2351 657 2415 frater
680 2351 771 2432 regis
794 2350 957 2414 Castaliae
981 2350 1023 2413 de
1042 2351 1163 2432 praelio

207 2451 251 2515 ad
279 2459 431 2515 castrum
457 2450 548 2533 sugit
571 2450 776 2528 Cassinum;
802 2451 862 2533 qui
888 2456 1010 2531 postea
1035 2449 1161 2515 Carolo

208 2551 361 2614 redditus
389 2551 518 2614 carceri
543 2551 768 2632 mancipatur.
822 2549 981 2613 Clemens
1009 2568 1112 2631 papa,
1140 2569 1277 2614 aneathor

208 2651 371 2732 praesenti
393 2651 509 2714 seculo
527 2651 692 2732 migrans,
709 2649 860 2714 Viterbii
874 2649 1031 2726 moritur,
1047 2656 1083 2713 et
1098 2650 1162 2714 ibi·
1173 2620 1315 2660 mmm

209 2750 285 2813 dem
309 2750 343 2812 in
370 2750 514 2813 fratrum
545 2749 818 2814 Praedicatorum
842 2748 988 2813 ecclesia
1013 2748 1160 2814 tumula-

209 2858 275 2914 tur.
330 2850 401 2912 Hic
422 2869 516 2931 papa
539 2850 590 2913 ita
609 2849 751 2931 vigiliis,
769 2848 914 2933 jejuniis
938 2855 973 2914 et
995 2849 1160 2913 orationi·

206 2949 283 3024 bus,
310 2967 351 3013 ac
373 2949 450 3012 aliis
473 2949 634 3030 operibus
659 2949 758 3013 bonis
782 2956 857 3012 erat
880 2949 1046 3026 intentus,
1068 2949 1160 3032 quod

207 3049 335 3114 multas
369 3048 622 3125 tribulationes,
653 3068 740 3131 quas
769 3055 852 3111 tunc
880 3048 1074 3112 sustinebat
1102 3068 1159 3112 ec-

207 3149 324 3226 closis,
353 3142 473 3213 ³Duus
500 3148 572 3211 suis
602 3148 733 3211 meritis
762 3148 914 3212 creditur
939 3148 1159 3212 exstinxisse.

209 3247 279 3326 Qui
305 3247 420 3324 etiam,
444 3267 521 3312 cum
548 3247 648 3311 multi
675 3255 803 3311 statum
831 3247 924 3328 regis
953 3244 1070 3309 Caroli
1096 3266 1159 3329 pro

207 3347 390 3431 desperato
422 3348 601 3422 haberent,
630 3354 703 3411 tum
735 3353 877 3428 propter
906 3345 1159 3410 multitudinem

207 3449 380 3512 exercitus
413 3446 613 3523 Conradiui,
643 3453 716 3509 tum
749 3453 891 3528 propter
924 3443 1032 3508 totius
1062 3463 1160 3526 paene

208 3547 303 3630 regni
319 3547 446 3611 Siciliae
462 3546 695 3622 rebellionem,
716 3547 753 3609 iu
769 3544 907 3628 publico
921 3563 1078 3608 sermone
1093 3533 1160 3607 4rei

206 3654 368 3711 eventum
393 3647 566 3729 praedixit.
620 3645 691 3709 Hic
713 3663 805 3728 papa
819 3643 968 3708 Viterbii
991 3644 1027 3707 in
1051 3643 1160 3707 cocle-

206 3747 258 3810 sia
286 3746 429 3810 fratrum
464 3746 735 3810 Praedicatorum
761 3744 981 3809 canonizavit
1002 3750 1159 3807 sanctam

244 4004 253 4036 ¹
267 4007 298 4055 In
309 4007 351 4056 the
363 4006 405 4055 old
417 4007 501 4056 shrine
510 4005 551 4053 the
561 4005 671 4054 remains

206 4077 235 4126 oi
251 4076 341 4140 Henry
365 4092 432 4126 were
455 4075 607 4124 afterwards
628 4075 671 4123 de·
734 4071 744 4100 ³
757 4072 807 4121 ‘de
818 4073 873 4122 suis
884 4071 980 4120 meritis
990 4064 1004 4131 ;'
1016 4070 1064 4122 Ar.

206 4146 323 4208 posited;
340 4147 439 4208 wiser,
450 4162 477 4206 p.
488 4150 529 4194 98.

240 4214 251 4243 ²
267 4218 313 4265 ‘et
324 4212 453 4266 Susexiae’
468 4231 510 4265 are
525 4212 629 4264 omitted
645 4213 671 4260 in
732 4209 741 4239 ⁴
758 4213 799 4260 ‘ei
811 4217 931 4261 eventura
941 4205 955 4270 ς’
974 4209 1043 4259 D’A.

205 4287 244 4336 M.
258 4286 308 4335 and
320 4286 369 4336 Ar.

988 4386 1011 4432 Τ
