3204 5028
799 529 873 577 Nic.
891 527 1040 576 Tulvurl

467 713 493 748 1).
505 714 531 747 N·
542 713 562 749 J.
574 712 597 749 0.
685 709 884 746 artemonem
897 709 922 744 R.
1017 707 1171 744 FRANOOBUH
1226 709 1365 745 suetonum

467 797 601 834 ucmxrv.
654 798 719 834 Lucu
731 798 771 834 111.
815 796 947 832 rucherum
959 797 977 834 1.
1023 796 1130 832 numer!
1141 796 1171 832 11.
1222 797 1327 832 fluuium
1339 797 1368 833 11.

490 993 699 1061 Gnanrnus
734 992 991 1069 OoventrensiS,
1018 1013 1095 1057 cum
1119 993 1266 1058 sedisset
1296 1006 1392 1064 octo-

438 1095 548 1158 decim
580 1094 793 1176 septimanis,
823 1093 860 1155 in
887 1093 960 1156 fata
984 1093 1165 1157 concessit.
1219 1093 1391 1160 Ricardus

439 1193 699 1260 Cantuariensis
722 1189 1013 1274 archiepiscopus,
1032 1212 1110 1256 curn
1128 1192 1274 1258 sedisset
1291 1196 1390 1259 annis

438 1314 573 1370 novem,
589 1292 813 1358 hebdomadis
834 1291 1066 1374 quadraginta
1089 1293 1251 1374 quinque,
1271 1292 1390 1359 diebus

437 1395 600 1477 quinque,
622 1401 767 1458 mortem
787 1392 892 1456 subiit
914 1391 1006 1473 apud
1030 1391 1214 1472 Haiinges,
1237 1412 1316 1474 quae
1336 1403 1390 1459 est

437 1494 521 1557 vilia
537 1493 690 1576 episcopi
705 1491 886 1556 Roffensis.
930 1490 1121 1568 walterus,
1140 1491 1390 1558 lincolniensis

436 1594 631 1676 episcopus,
667 1594 703 1656 in
742 1590 1060 1672 Rothomagensem
1095 1589 1389 1674 archiepiscopum

436 1692 642 1774 postulatur.
670 1692 751 1756 Rex
763 1690 971 1772 Anglorum,
986 1711 1048 1772 per
1063 1690 1262 1755 Flandriam
1278 1698 1390 1757 trans-

436 1793 522 1868 ienS,
545 1793 640 1856 venit
669 1790 705 1855 in
728 1789 892 1872 Angliam
915 1791 1018 1854 tertio
1043 1790 1121 1854 idus
1143 1790 1251 1854 Junii.
1304 1792 1388 1857 Dux

438 1890 600 1955 Saxoniae
633 1890 792 1954 similiter
819 1889 855 1952 in
887 1888 1052 1971 Angliam
1078 1892 1184 1966 venit,
1211 1891 1267 1954 cui
1295 1893 1388 1974 apud

436 1989 662 2072 Wyntoniam
690 1989 780 2054 infra
813 2007 943 2071 pancos
977 1989 1051 2054 dies
1082 1989 1220 2054 ducissa
1255 1993 1389 2073 peperit

436 2089 557 2166 filium,
574 2090 711 2154 nomine
727 2089 951 2173 willelmum,

272 2215 400 2256 creatione
486 2189 615 2254 Lucius
638 2208 729 2272 papa
754 2189 982 2269 suffraganeis
1008 2187 1161 2252 ecclesiae
1188 2182 1388 2255 ¹Gantuari·

271 2267 378 2366 iidie
435 2290 535 2365 ensis,
563 2289 669 2371 priori
695 2296 731 2353 et
756 2289 941 2353 conventui
964 2288 1208 2352 monachorum
1233 2289 1387 2356 ecolesiae

271 2365 409 2416 ΜΝ·
433 2387 565 2454 Christi
582 2382 862 2454 ²Gantuariensis
880 2387 1030 2470 scripsit,
1053 2394 1092 2451 ut
1107 2389 1307 2452 electionem
1332 2411 1387 2454 ar-

433 2487 643 2571 chiepiscopi
659 2482 919 2553 8accelerarent.
972 2486 1028 2552 Ad
1050 2486 1139 2552 hano
1163 2489 1385 2555 monitionem

432 2588 592 2671 regisque
608 2581 909 2652 4convocationem
925 2594 1160 2651 convenerunt
1177 2588 1386 2671 suffraganei

431 2694 466 2751 et
475 2686 634 2752 monachi
645 2686 924 2765 cantuarienses,
939 2687 1049 2769 primo
1061 2686 1256 2768 Redingiae‚
1266 2695 1388 2770 postea

431 2785 692 2850 Windelesorce.
743 2785 810 2850 Sed
838 2786 934 2850 nulla
958 2786 1052 2850 facta
1079 2794 1132 2852 est
1152 2787 1287 2865 electio,
1311 2808 1385 2852 rno-

431 2884 551 2950 nachis
575 2885 619 2949 ad
645 2880 727 2948 ⁵hoc
753 2885 990 2967 suffraganeos
1016 2886 1238 2950 renuentibus
1259 2887 1383 2951 admit·

431 2991 504 3050 tere
517 3003 656 3066 quoquo
674 2985 787 3049 modo.
833 2985 954 3049 Tertio
972 2985 1187 3049 Londoniam
1203 2995 1384 3064 venerunt,

430 3084 489 3148 ubi
506 3083 715 3166 suffraganei
734 3085 995 3167 Baldewynum,
1013 3084 1293 3165 wigorniensem
1311 3087 1384 3169 epi-

430 3202 585 3265 scopum,
602 3185 638 3248 in
656 3184 953 3267 archiepiscopum
966 3184 1154 3265 elegerunt.
1198 3184 1386 3250 Pronunti-

430 3284 504 3348 avit
514 3284 714 3350 electionem
727 3283 906 3349 Gilbertus
919 3284 1101 3366 episcopus
1116 3284 1383 3364 Londoniensis;

429 3383 490 3448 sed
521 3390 702 3448 recusante
734 3384 844 3448 electo
876 3383 1071 3465 ingressum
1103 3382 1258 3448 ecelesiae
1291 3383 1383 3450 Can·

429 3483 613 3548 tuariensis
631 3490 753 3547 contra
769 3502 890 3565 pacem
908 3482 1167 3560 monachorum,
1188 3483 1383 3549 recedente-

428 3600 496 3662 que
518 3602 611 3664 rege,
636 3583 730 3665 prior
759 3601 837 3645 curn
865 3582 1054 3658 monachis,
1082 3583 1265 3665 reprobato
1289 3584 1383 3649 facto

428 3682 678 3763 episcoporum,
696 3673 1046 3764 eundem'elegerunt,
1060 3689 1095 3746 et
1111 3682 1186 3766 ejus
1199 3702 1382 3748 consecra·
1399 3686 1404 3712 ‘

428 3781 556 3844 tionem
574 3800 595 3844 a
612 3780 750 3844 domino
765 3801 857 3864 papa
874 3781 981 3846 Lucio
995 3783 1235 3864 impetrarunt.

477 3879 586 3944 Venit
602 3879 667 3943 hoc
691 3899 783 3945 anno
802 3882 838 3945 in
860 3880 1025 3963 Angiiam
1041 3881 1224 3964 Philippus
1242 3881 1382 3947 Coloni-

427 3980 520 4042 ensis
561 3978 850 4063 archiepiscopus
894 3980 1024 4044 habens
1066 4000 1182 4046 secum
1221 3983 1380 4046 comitem

463 4167 470 4197 ¹
488 4170 682 4220 ‘cantuariensi
693 4167 708 4231 ς’
720 4174 758 4222 Μ.
771 4178 795 4222 et
805 4173 853 4222 Ar.
950 4170 960 4199 ⁴
976 4173 1149 4222 ‘vocationem
1157 4168 1175 4235 ;’
1187 4174 1226 4223 M.
1238 4178 1263 4222 et
1274 4172 1321 4224 Ar.

461 4238 471 4267 ²
488 4241 652 4290 ‘Gantuariae
661 4236 675 4301 ς’
688 4243 727 4292 Μ.
739 4243 818 4291 etAr.

460 4307 471 4340 ⁸
487 4312 688 4360 ‘acceleraretur
697 4307 710 4371 ;’
723 4313 761 4362 Μ.
773 4319 798 4361 et
809 4312 856 4361 Ar.
950 4309 960 4339 ⁵
979 4313 1051 4362 ‘haec
1063 4312 1079 4373 ;’
1090 4311 1138 4361 Ar.
