3170 5020
576 487 760 538 Anninus.
1080 472 1146 537 393

195 646 374 711 nisterium
396 645 481 710 fides
497 643 679 710 Catholica
695 645 731 709 in
748 643 821 709 suis
844 645 979 709 actibus
1002 664 1080 709 cum
1102 657 1250 712 eaRemon·

1156 711 1239 747 utrencc
1248 709 1271 747 of

195 744 253 832 (nt
272 745 425 810 firmiter
467 745 637 810 credimus
667 753 702 809 et
737 739 911 828 tenemus)
943 747 1143 812 maturitate
1155 758 1277 847 ruffi·

195 845 361 928 procedit,
393 845 486 928 quod
513 844 599 908 nulli
629 842 868 927 preeJudicare,
898 843 959 908 sed
992 818 1307 948 singulo-{ingnprlp

195 964 271 1008 rum
296 945 378 1029 jura
403 945 599 1009 conservari
621 943 706 1007 velit
731 943 851 1006 illaesa.
898 943 988 1008 Sane
1014 964 1142 1010 convo·
1165 919 1188 948 ⁰¹
1211 919 1234 948 ⁰⁰
1252 919 1300 948 ‘n'

194 1051 273 1108 cato
296 1064 405 1126 nuper
426 1064 488 1127 per
513 1043 766 1108 serenissimum
790 1043 964 1106 dominum
989 1052 1143 1109 nostrum

196 1143 416 1220 Edwardum,
437 1144 509 1208 Dur
535 1145 649 1226 gratia
670 1161 786 1224 regem
803 1140 942 1224 Angliee
962 1143 1144 1223 illustrem,

195 1244 424 1326 parliamento
456 1243 548 1326 apud
590 1242 803 1306 Linoolniam
850 1243 1014 1323 generali,
1052 1244 1143 1309 idem

196 1343 355 1408 dominus
392 1351 511 1408 noster
548 1341 714 1424 quasdam
748 1341 881 1406 litteras
921 1342 1142 1424 apostolicas,

197 1436 305 1527 ¹quas
327 1461 432 1525 super
454 1443 556 1506 certis
579 1441 739 1522 negotiis,
760 1441 988 1506 conditionem
1012 1449 1048 1507 et
1069 1451 1142 1508 sta·

196 1548 269 1606 tum
295 1543 393 1622 regui
417 1542 543 1606 Scotiee
569 1541 805 1622 tangentibus,
830 1561 874 1604 ex
903 1549 1020 1606 vestra
1044 1552 1142 1624 parte

196 1648 384 1723 receperat,
416 1643 451 1706 in
483 1640 596 1704 medio
622 1639 788 1716 exhiberi,
821 1659 862 1703 ac
894 1641 1021 1706 seriose
1044 1643 1142 1706 nobis

195 1740 276 1805 fecit
304 1741 442 1822 exponi.
495 1739 630 1818 Quibus
659 1739 786 1803 auditis
812 1747 848 1802 et
869 1739 1066 1820 diligentius
1089 1743 1142 1806 in·

195 1841 352 1916 tellectis,
381 1848 453 1905 tam
478 1841 634 1905 sensibus
656 1838 783 1904 nostris
807 1839 1020 1918 admiranda,
1038 1861 1141 1923 qnam

195 1940 362 2004 hactenus
386 1940 554 2016 inaudita,
587 1940 623 2002 in
654 1939 703 2002 eis
734 1937 929 2003 audivimus
963 1942 1140 2006 contineri.

196 2039 331 2104 Scimus
370 2040 470 2116 enim,
504 2046 603 2120 puter
636 2038 861 2114 sanctissime,
901 2046 936 2104 et
970 2042 1142 2105 notorium

196 2139 409 2220 inpartibus
432 2139 571 2214 nostris,
596 2155 637 2200 uc
664 2136 838 2200 nonnullis
856 2137 933 2201 aliis
953 2157 1022 2200 non
1043 2140 1142 2220 igno·

197 2245 270 2301 tum
292 2236 423 2311 existit,
437 2236 542 2318 quod,
566 2255 587 2300 u
602 2235 715 2318 prima
729 2235 946 2299 institutione
960 2239 1055 2318 regni
1071 2236 1143 2302 An-

197 2337 289 2419 gliae,
314 2355 412 2418 reges
432 2334 586 2420 ejusdcm
608 2335 716 2414 regni,
739 2341 810 2398 tum
829 2336 1040 2417 temporibus
1064 2337 1141 2401 Bri-

196 2444 316 2499 tonum
346 2454 449 2518 quum
480 2432 684 2514 Anglorum,
723 2433 882 2515 superius
911 2441 946 2498 et
975 2436 1141 2501 directum

196 2535 384 2599 dominium
417 2535 513 2616 regni
550 2533 677 2597 Scotiae
717 2532 911 2596 habuerunt
940 2535 974 2596 in
1006 2555 1142 2617 posses·

197 2635 306 2710 sione,
330 2634 385 2699 vel
415 2633 585 2716 capitanei
608 2632 860 2715 superioritatis
889 2641 925 2697 et
952 2626 1052 2699 ²recti
1081 2636 1142 2700 do·

196 2735 292 2798 minii
321 2735 431 2816 ipsius
460 2731 586 2797 Scotiee'
609 2731 813 2796 successivis
841 2735 1052 2815 temporibus
1080 2756 1141 2800 ex·

195 2833 370 2911 stiterunt,
394 2853 458 2899 nec
478 2832 558 2898 ullis
575 2831 785 2914 temporibus
805 2832 916 2913 ipsum
937 2853 1081 2915 regnum
1106 2835 1142 2900 in

195 2933 441 3016 temporalibus
469 2931 637 3015 pertinuit
664 2932 719 2995 vel
744 2932 893 3013 pertinet
916 2935 1040 3015 quovis
1062 2934 1142 3018 jure

195 3034 239 3098 ed
273 3033 453 3097 ecclesiam
481 3031 724 3114 supradictam.
806 3029 900 3108 Quin
924 3032 1029 3097 immo
1051 3035 1141 3098 idem

194 3152 338 3214 regnum
363 3132 490 3195 Scotiae
510 3131 788 3214 progenitoribus
809 3129 893 3194 dicti
912 3131 1003 3212 regis
1018 3127 1141 3198 ⁸nostri

196 3233 334 3314 regibus
370 3230 508 3310 Angliae
539 3237 644 3312 atque
674 3230 739 3293 sibi
767 3228 900 3293 feodale
932 3232 1068 3296 exstitit
1096 3236 1140 3298 ab

195 3331 349 3412 antiquo.
402 3327 478 3393 Nec
489 3329 591 3392 etiam
611 3344 709 3410 reges
725 3327 919 3404 Scotorum,
935 3337 970 3393 et
985 3351 1141 3412 regnum,

195 3430 273 3494 aliis
295 3448 400 3512 quam
427 3428 564 3509 regibus
588 3426 728 3509 Angliee
752 3427 955 3492 subfueruut
979 3429 1034 3493 vel
1058 3434 1140 3496 sub-

190 3529 253 3613 jici
282 3535 557 3607 consueverunt;
595 3546 706 3610 neque
737 3546 836 3608 reges
871 3524 1008 3609 Angliae
1037 3549 1142 3613 super

190 3628 328 3712 juribus
358 3628 430 3690 suis
457 3628 494 3690 in
523 3647 630 3708 regno
664 3627 841 3709 proedicto,
871 3635 932 3690 aut
961 3628 1038 3692 aliis
1069 3631 1140 3694 suis

194 3727 452 3810 temporalibus,
480 3745 596 3790 corum
618 3726 734 3807 aliquo
758 3724 876 3809 judice
908 3727 1141 3794 ecclesiastico

194 3826 249 3891 vel
277 3826 448 3903 saeculari,
476 3845 520 3890 ex
551 3825 810 3908 praeeminentia
842 3832 954 3889 status
983 3846 1055 3890 suae
1088 3848 1140 3893 re·

194 3927 261 4008 gire
285 3925 477 4007 diguitatis,
502 3932 537 3988 et
562 3923 819 3990 consuetudinis
847 3925 981 3990 cunctis
1006 3933 1139 4011 tempo·

230 4125 236 4155 ¹
253 4128 335 4190 ‘quus
353 4140 431 4187 super
450 4125 526 4174 certis
545 4127 652 4188 negotiis
713 4121 878 4185 “directi3'
895 4126 972 4176 Hem.
991 4131 1050 4178 18⁷:
1070 4130 1141 4180 ‘rec-

192 4197 359 4248 conditionem
377 4199 403 4244 et
421 4199 514 4244 statum
531 4197 603 4257 regni
620 4210 652 4244 ex
678 4189 808 4254 titudini3’
825 4195 901 4244 Mart.
912 4197 993 4247 West.

192 4271 278 4317 nostre
287 4271 358 4328 parte
370 4270 499 4328 receperat
507 4260 524 4326 ς’
537 4260 605 4315 ΠΛ.
714 4261 725 4294 ³
739 4260 874 4326 ‘nostris5‘
885 4266 964 4316 Wels.
