3204 5028
604 499 789 548 ansanus.
1112 486 1176 550 117

219 660 420 725 laetificabat
444 680 506 724 rex
531 660 703 725 Ricardus
726 661 887 743 operibus
910 661 1002 740 suis3
1030 663 1086 726 cui
1104 663 1173 728 vir·
1185 675 1226 717 11¹·
1235 677 1319 716 charae

221 768 278 824 tus
291 761 405 824 inerat
417 759 594 838 Hectoris,
608 760 876 844 magnanimitas
890 760 1056 826 Achillis:
1076 763 1173 843 quin·
1184 731 1224 768 ’

219 861 325 925 immo
356 862 466 925 nostri
497 861 662 943 temporis
698 861 1039 926 commendabiliores
1073 862 1174 926 facile

220 961 445 1025 multifariam
468 961 692 1037 transcendit,
710 961 765 1045 cuj
772 981 811 1026 us
825 961 923 1024 velut
939 961 1081 1026 alterius
1098 962 1173 1025 Titi

220 1061 366 1125 dextera
389 1061 517 1143 sparsit
538 1080 633 1144 opes.
686 1061 744 1139 Et,
770 1060 863 1144 quod
886 1061 921 1124 in
945 1069 1016 1125 tam
1040 1062 1173 1128 famoso

220 1160 330 1225 milite
348 1180 524 1242 perrarum
543 1180 618 1226 esse
640 1161 742 1238 solet,
763 1160 883 1242 lingua
901 1160 1074 1238 Nestoris,
1090 1179 1173 1244 pru·

219 1259 338 1324 dentia
356 1260 482 1338 Ulixis,
500 1261 536 1324 in
551 1260 710 1326 omnibus
725 1261 874 1343 negotiis
891 1261 944 1325 vel
959 1260 1173 1343 perorandis,

219 1360 276 1424 vel
301 1361 473 1443 gerendis,
499 1361 576 1426 aliis
600 1362 723 1426 merito
746 1361 1025 1425 excellentiorem
1052 1361 1172 1425 redde·

220 1461 316 1527 bant.
369 1460 481 1539 Quem
504 1463 534 1524 si
556 1462 634 1543 quis
652 1461 932 1545 praesumptionis
948 1461 1173 1525 aestimaverit

219 1560 445 1642 arguendum,
462 1554 614 1626 ¹noverit
628 1563 705 1645 ejus
724 1561 877 1626 animum
895 1559 985 1625 vinci
1002 1561 1170 1638 nescium,

218 1661 356 1744 injuriae
386 1662 635 1744 impatientem,
670 1661 713 1725 ad
733 1661 814 1744 jure
841 1661 958 1725 debita
984 1660 1172 1743 repetenda

219 1761 340 1825 innata
369 1762 600 1842 generositate
632 1761 846 1844 compulsum
880 1780 1031 1843 congrue
1063 1780 1171 1825 excu-

218 1863 299 1926 sari.
352 1861 439 1928 Erat
472 1862 609 1944 quidem
643 1869 780 1927 statura
804 1881 979 1944 procerus,
1002 1861 1170 1942 elegantis
1183 1877 1224 1916 111⁸
1236 1879 1333 1916 externa

218 1960 351 2039 formae,
372 1962 463 2026 inter
485 1962 600 2026 rufum
623 1970 658 2026 et
686 1961 813 2027 flavum
842 1961 952 2026 medie
977 1968 1170 2043 temperata
1182 1937 1317 1977 mmmm

217 2063 373 2137 caesarie,
390 2061 551 2126 membris
573 2062 746 2126 flexilibus
768 2070 804 2127 et
819 2061 968 2126 directis,
1021 2061 1171 2124 Brachia

217 2161 450 2243 productiora,
467 2163 592 2246 quibus
608 2163 652 2226 ad
667 2162 820 2243 gladium
834 2155 1059 2225 ²educendnm
1075 2161 1171 2225 nulla

217 2261 399 2339 habiliora,
416 2262 473 2326 vel
490 2262 534 2326 ad
551 2261 741 2326 feriendum
758 2261 970 2339 efficaciora3
994 2255 1168 2325 ³tibiarum

215 2361 438 2426 nihilominus
453 2361 559 2444 longa
576 2361 712 2439 divisio,
729 2362 905 2444 totiusque
928 2361 1082 2444 corporis
1099 2360 1169 2424 dis-

215 2462 388 2544 positione
405 2481 562 2544 congrua
579 2462 711 2544 species
733 2461 840 2543 digna
856 2461 1012 2544 imperio.
1066 2460 1167 2524 Felix

215 2562 383 2644 profecto,
401 2562 588 2626 secundum
603 2561 773 2625 hominem
789 2561 878 2638 dico,
896 2560 1120 2643 reputandus,
1138 2561 1168 2624 si

215 2662 378 2743 gloriosis
404 2661 480 2745 ejus
509 2662 617 2744 gestis
646 2661 880 2726 inridentibus
905 2661 1037 2725 aemulis
1068 2680 1168 2724 carn·

213 2761 321 2827 isset?

266 2859 491 2926 Solemnitate
518 2860 751 2925 coronationis
777 2866 896 2941 peract
897 2879 930 2936 a,
959 2867 993 2924 et
1023 2879 1167 2940 magna·
1152 2874 1314 2915 -Ηοτωεῑνεε

1179 2926 1267 2972 homage
1273 2926 1326 2964 lrom

214 2968 290 3025 tum
321 2969 423 3026 terrae
454 2961 615 3042 homagio
645 2960 879 3041 fidelitateque
910 2960 1092 3041 susceptis,
1123 2958 1165 3022 ad
1179 2975 1302 3014 wuuamof

1178 3025 1276 3063 scodand
1285 3025 1317 3062 lor

214 3069 372 3126 sanctum
392 3059 633 3125 Eadmundum
648 3079 764 3142 regem
781 3066 835 3124 est
850 3059 1036 3141 profectus
1080 3058 1167 3123 Inde
1178 3076 1257 3113 certain
1271 3077 1328 3122 rau·

1178 3125 1312 3164 orn-toccu

214 3155 410 3225 4contendit
425 3159 675 3239 Cantuariam;
699 3160 759 3223 ubi
774 3160 914 3223 veniens
932 3157 1067 3222 adeum
1080 3157 1167 3221 Wil-
1177 3175 1245 3214 ana

213 3261 339 3325 lelmus
372 3279 435 3323 rex
466 3260 593 3324 Scotiae
622 3259 821 3340 homagium
853 3252 963 3329 ⁵fecit,
998 3263 1034 3319 et
1064 3257 1167 3320 inter·

215 3361 375 3426 veniente
398 3358 543 3442 pecunia
567 3360 696 3442 recepit
718 3365 834 3421 castra
854 3355 993 3432 Scotiae,
1015 3355 1167 3419 Bereni-

213 3481 305 3537 cum,
322 3458 602 3541 Rokesburgum,
625 3479 703 3542 quae
726 3478 788 3522 rex
811 3463 911 3541 pater
933 3456 1013 3519 dum
1034 3455 1168 3520 viveret

214 3561 250 3624 in
276 3579 341 3624 sua
364 3560 505 3625 retinuit
532 3567 717 3643 potestate.
768 3557 926 3622 Tertium
951 3562 1066 3619 autem
1093 3558 1168 3620 'cas-

215 3669 319 3738 trum,
337 3660 428 3742 quod
447 3659 648 3722 Puellarum
671 3659 745 3723 sive
763 3657 1009 3738 Edenburgum
1030 3655 1166 3731 dicitur,

214 3761 354 3824 vivente
374 3759 486 3824 adhuc
509 3767 608 3841 patre
630 3778 693 3841 pro
716 3756 865 3840 quodam
890 3755 1074 3837 maritagio
1096 3755 1167 3818 fue·

213 3868 269 3945 rat
284 3861 492 3924 restitutum.
535 3859 689 3922 Pecunia
703 3858 807 3923 etiam
821 3855 1083 3951 interueniente,
1095 3854 1166 3936 epi-

249 4081 256 4112 ¹
275 4083 400 4132 ‘noluerit
409 4078 423 4143 3’
435 4077 504 4132 D’A.
739 4074 924 4137 ³‘tibiarum;'
948 4078 1062 4139 wanting
1082 4077 1107 4124 in
1127 4077 1164 4124 M.

248 4218 473 4284 ⁹‘tendendum;’
493 4218 577 4272 D‘A.:
602 4223 677 4284 ‘pro·
703 4149 948 4278 ἃῃξὶῖᾯηεοεηάἰῖξ
966 4218 1005 4266 M.
1088 4215 1090 4222 ’

212 4294 358 4344 ducendum
364 4288 379 4352 ;’
393 4292 440 4342 Ar.
737 4289 747 4316 ⁶
765 4289 844 4338 ‘lecit
855 4289 879 4336 ei
887 4284 905 4347 ;'
919 4289 957 4336 M.
