3170 5020
430 473 496 539 390
788 490 862 536 uio.
885 487 1034 535 'rn1vnrr

268 657 376 700 Edunt·
434 650 470 707 et
500 643 598 724 regni
628 643 738 707 nostri
768 640 891 706 incolis
928 641 1160 708 verisimiliter
1191 640 1386 723 provenire,

268 709 327 759 reply
335 712 358 748 to

269 761 375 812 theron·
435 761 498 826 pro
521 743 705 806 securitate
731 743 828 824 regni
850 743 959 807 nostri
981 741 1189 806 accessimus
1214 740 1258 804 ad
1279 741 1387 804 conii·
1489 787 1497 804 .

435 842 530 905 nium
557 843 655 923 regni
677 843 870 924 utriusque,
897 843 1026 925 pluries
1048 840 1252 905 mandantes
1276 840 1386 905 eidem

436 940 567 1005 loanni
592 941 667 1023 jam
698 942 773 1022 regi
803 941 942 1016 Scotiae‚
974 949 1013 1005 ut
1041 940 1085 1004 ad
1116 947 1212 1004 certa
1244 939 1320 1004 loca
1351 939 1388 1002 in

437 1039 585 1105 confinio
614 1041 780 1123 praedicto
809 1040 853 1104 ad
883 1060 947 1104 nos
973 1040 1152 1105 accederet
1172 1059 1276 1122 super
1297 1058 1393 1122 prae-·

437 1140 551 1203 missis
583 1146 619 1204 et
644 1140 722 1203 aliis
745 1133 1089 1216 ¹asseeurationibus,
1119 1145 1263 1215 statum,
1292 1144 1387 1202 tran-

438 1239 656 1321 quillitatem,
687 1246 723 1303 et
760 1258 880 1322 pacem
914 1239 1014 1320 regni
1042 1239 1223 1320 utriusque
1253 1239 1387 1302 contin-

438 1339 612 1420 gentibus,
642 1345 868 1403 tractaturus.
943 1337 1025 1418 Qui,
1057 1338 1182 1421 spretis
1215 1336 1388 1401 mandatis

438 1438 577 1514 nostris,
605 1437 642 1500 in
670 1456 736 1501 sua
766 1438 954 1520 persistens
984 1437 1139 1520 perfidia,
1172 1437 1217 1501 ad
1245 1437 1387 1501 bellicos

439 1543 629 1619 apparatus
661 1556 739 1600 cum
768 1537 949 1620 episcopis,
977 1531 1163 1619 2praelatis,
1192 1536 1386 1613 comitibus

439 1644 474 1700 et
503 1636 691 1700 baronibus
714 1636 810 1718 regni
836 1636 974 1713 Scotiae,
999 1656 1040 1701 ac
1065 1637 1169 1700 etiarn
1187 1635 1266 1700 aliis
1289 1643 1387 1700 exte-

439 1736 486 1799 ris
511 1735 730 1800 conductitiis
756 1743 876 1799 contra
901 1753 976 1811 nos,
1000 1754 1144 1817 regnum
1165 1741 1332 1810 nostrum,
1352 1743 1388 1799 et

439 1835 537 1914 regni
558 1836 666 1898 nostri
691 1835 838 1910 incolas,
855 1834 1026 1899 hostiliter
1047 1854 1085 1898 se
1104 1842 1308 1899 convertens
1328 1853 1386 1898 ac-

439 1934 562 2010 cinxit,
581 1941 617 1996 et
633 1933 676 1997 ad
698 1933 840 1998 hostiles
863 1952 1048 2016 aggressus
1071 1941 1106 1998 et
1125 1935 1282 1998 incursus
1306 1952 1385 2014 pro·

439 2032 576 2109 cedens,
606 2052 750 2114 regnum
791 2039 946 2097 nostrum
976 2033 1116 2110 invasit,
1153 2040 1189 2098 et
1220 2032 1386 2114 quasdam

438 2132 541 2196 villas
558 2134 656 2214 regni
678 2133 787 2197 nostri
805 2131 944 2214 Angliae
960 2151 1022 2214 per
1041 2151 1079 2196 se
1097 2139 1131 2195 et
1153 2150 1235 2196 suos
1256 2131 1389 2214 deprae-

440 2232 542 2295 datus
575 2239 640 2308 est,
672 2251 801 2314 easque
839 2232 994 2296 vastarit
1026 2230 1195 2308 incendio,
1234 2230 1390 2294 homines

440 2339 576 2394 nestros
590 2331 774 2407 interfecit,
791 2338 826 2395 et
845 2331 1018 2394 nonnullis
1042 2331 1158 2395 nautis
1183 2331 1310 2394 nostris
1326 2350 1389 2412 per

440 2449 499 2495 eos
535 2431 733 2512 peremptis,
772 2449 880 2494 naves
915 2429 1091 2494 hominum
1123 2435 1318 2493 nostrornm
1353 2437 1389 2493 et

441 2531 538 2610 regni
567 2528 706 2609 Angliae
731 2530 886 2592 comburi
916 2528 1010 2605 fecit,
1038 2535 1073 2592 et
1103 2547 1122 2592 e
1152 2529 1301 2610 vestigio
1325 2549 1388 2610 ag·

441 2628 556 2710 gredi3
593 2621 820 2710 ³redditisqne
845 2628 944 2692 nobis
971 2627 1133 2708 homagio
1162 2634 1198 2692 et
1222 2627 1390 2693 fidelitate

442 2735 513 2792 tam
542 2747 606 2808 pro
628 2747 666 2791 se
692 2745 796 2808 quam
821 2747 885 2808 pro
913 2727 990 2790 aliis
1009 2727 1269 2809 quibuscunque
1289 2729 1390 2808 regni

441 2827 496 2890 sui
521 2826 655 2900 incolis,
678 2845 740 2908 per
761 2825 895 2891 litteras
917 2825 1071 2909 ejusdem
1094 2828 1186 2908 regis
1212 2828 1318 2891 verba
1338 2826 1390 2890 of-

441 2925 633 2988 fensionum
660 2925 904 3007 exprimentes,
930 2932 966 2988 et
990 2925 1081 2989 inter
1106 2925 1175 2990 alia
1197 2927 1302 2990 verba
1325 2926 1391 2989 dif-

441 3022 616 3086 fidationis
650 3024 878 3101 continentes,
911 3025 1095 3089 comitatus
1128 3031 1266 3089 nostros
1299 3024 1390 3089 Nor·

442 3122 636 3199 thumbriae,
670 3122 855 3200 Cumbriae,
886 3132 921 3188 et
956 3123 1256 3189 Westmerlandiae
1291 3126 1390 3206 regni

441 3223 551 3287 nostri
575 3221 715 3304 Angliae
738 3231 950 3304 congregato
976 3225 1132 3287 exercitu
1152 3224 1286 3304 ingenti
1308 3223 1389 3287 hos-

441 3323 549 3387 tiliter
573 3341 635 3405 per
651 3341 689 3384 se
715 3330 751 3386 et
776 3341 858 3386 suos
886 3323 1028 3400 invasit,
1056 3331 1208 3404 stragem
1235 3324 1391 3387 innume-

441 3440 514 3484 ram
542 3421 717 3484 hominum
747 3428 954 3498 nostrorum,
984 3421 1142 3486 incendia
1166 3423 1391 3486 monasterio-

441 3540 516 3584 rum
545 3527 580 3584 et
604 3521 826 3585 ecelesiarum
850 3529 885 3585 et
913 3521 1073 3585 villarum
1099 3520 1286 3585 inhumane
1311 3541 1390 3604 per-

441 3620 618 3702 petrando,
646 3627 681 3683 et
706 3621 851 3702 patriam
877 3621 1028 3702 undique
1056 3619 1311 3703 depopulando,
1341 3623 1392 3684 in-

440 3719 554 3784 fantes
585 3719 621 3783 in
652 3720 844 3797 cunabulis,
871 3719 1030 3784 mulieres
1057 3720 1094 3783 in
1118 3721 1302 3803 puerperio
1329 3721 1389 3784 de·

440 3819 638 3882 cumbentes
667 3818 783 3900 gladio
815 3819 1042 3895 trucidarunt,
1073 3826 1120 3896 et,
1148 3820 1241 3902 quod
1267 3821 1389 3884 auditu

439 3917 644 3982 horrendum
668 3925 733 3994 est,
757 3938 778 3982 a
801 3919 974 3984 nonnullis
997 3918 1197 3983 mulieribus
1220 3919 1391 3984 mamillas

476 4176 482 4205 ¹
500 4178 553 4226 The
565 4179 636 4228 other
646 4180 723 4230 MSS.
735 4179 799 4230 have
817 4181 901 4230 ‘asse
959 4177 971 4210 ²
986 4180 1048 4228 This
1055 4181 1126 4230 word
1134 4181 1157 4230 is
1165 4183 1279 4244 wanting
1287 4184 1313 4231 in
1322 4180 1392 4234 ΠΛ.

439 4248 594 4298 curationis!
959 4248 970 4278 ³
986 4249 1186 4312 ‘denegetisque
1194 4247 1214 4312 ς’
1227 4252 1392 4306 MattWest.
