3170 5020
420 480 485 544 344
783 494 856 541 nic.
874 493 1022 540 rnrvnrr

261 671 411 710 renuam·
421 653 587 730 fecerant,
607 651 725 718 villam
742 651 938 734 occupavit,
956 650 1058 714 unico
1079 657 1212 714 tantum
1233 649 1276 712 de
1299 648 1372 711 suis

261 725 283 762 st
292 720 395 762 Bernick.

423 753 589 817 militibus
618 751 812 817 interfecte.
881 751 1095 814 Mercatores
1134 749 1225 812 enim
1267 746 1373 811 Flan-

424 853 577 929 drenses,
599 852 660 935 qni
685 851 826 915 invilla
850 850 969 914 eadem
997 849 1136 914 domum
1160 848 1205 912 ad
1234 848 1372 911 modum

424 953 529 1017 turris
561 951 784 1016 fortissimam
823 950 1009 1026 habebant,
1040 947 1160 1033 jacula
1195 948 1372 1011 mittentes

423 1051 460 1114 in
493 1050 661 1134 Anglicos
693 1059 730 1114 et
767 1051 851 1132 pila,
885 1049 1073 1114 Ricardum
1107 1048 1151 1112 de
1185 1046 1371 1124 Cornubia,

424 1151 567 1216 militem
593 1144 801 1227 ¹strenuum,
828 1171 851 1214 a
878 1168 961 1214 casu
993 1147 1126 1231 spiculo
1151 1149 1372 1233 trajecerunt.

424 1249 482 1315 Ad
512 1269 600 1335 quos
632 1270 710 1314 cum
743 1268 813 1314 non
840 1250 883 1315 de
911 1249 1005 1313 facili
1035 1255 1171 1331 pateret
1201 1265 1373 1323 accessus,

425 1350 533 1415 allato
553 1351 643 1432 igne,
665 1350 825 1414 incendio
847 1348 1071 1414 suffocantur.
1117 1346 1246 1411 Eadem
1270 1355 1372 1411 noete

345 1511 350 1520 .
424 1450 587 1514 dormivit
616 1468 679 1514 rex
709 1449 745 1513 in
777 1456 903 1526 castro,
935 1449 1028 1533 quod
1054 1447 1225 1510 redditum
1248 1454 1302 1510 est
1330 1447 1372 1524 ei,

262 2659 319 2698 John

262 2707 349 2749 Ballol't

262 2759 325 2799 letter
333 2763 356 2798 to

263 2809 362 2856 Edward,

261 2859 392 2909 rencunciug

262 2909 296 2948 hle
305 2909 378 2959 allegi·

261 2969 321 2999 anea.

425 1550 533 1614 salvis
561 1550 635 1614 vita
660 1556 696 1614 et
718 1549 879 1613 membris
902 1549 946 1612 iis
976 1548 1037 1630 qui
1066 1549 1103 1611 in
1126 1565 1168 1611 eo
1199 1555 1310 1622 erant,
1338 1555 1374 1610 et

425 1650 582 1733 praestito
607 1649 806 1734 juramento
833 1648 925 1730 quod
947 1656 1068 1712 eontra
1091 1667 1208 1728 regem
1234 1647 1372 1729 Angliae

426 1768 522 1813 arma
555 1749 598 1813 de
624 1756 738 1813 cetero
767 1768 837 1812 non
864 1754 1063 1830 portarent3
1096 1766 1282 1829 omnesque
1304 1767 1373 1831 quo

426 1848 590 1914 volebant
615 1849 711 1912 abire
729 1849 988 1930 permittuntur,
1005 1855 1152 1929 excepto
1174 1865 1292 1911 eorum
1315 1867 1373 1912 ca·

426 1949 566 2030 pitaneo
581 1946 758 2012 Willelmo
776 1948 924 2029 Duglas,
945 1967 1047 2030 quem
1066 1966 1177 2028 usque
1204 1947 1248 2010 ad
1271 1947 1372 2012 finem

426 2067 562 2129 guerrae
593 2067 656 2111 rex
686 2067 803 2111 secum
831 2048 982 2112 retinuit.
1035 2047 1128 2111 Dum
1163 2055 1280 2111 autem
1309 2068 1373 2112 rex

425 2147 543 2212 villam
578 2146 748 2211 Berewici
780 2166 872 2212 novo
912 2146 1043 2211 fossato
1086 2147 1247 2224 muniret,
1281 2148 1373 2213 circa

425 2247 620 2329 ingressum
639 2247 769 2311 mensis
790 2245 922 2329 Aprilis
943 2254 1111 2310 venenmt
1131 2246 1175 2309 ad
1195 2266 1273 2310 eum
1295 2267 1372 2329 gar·

424 2347 548 2411 dianus
568 2353 604 2411 et
620 2347 730 2412 lector
751 2346 896 2410 fratrum
917 2345 1093 2410 Minorum
1111 2345 1154 2409 de
1171 2345 1372 2412 Roheshur·

425 2441 508 2528 gia?
543 2446 734 2511 deferentes
765 2447 900 2510 litteras
932 2445 955 2510 J
958 2447 1080 2510 oannis
1111 2446 1204 2527 regis
1234 2446 1372 2527 Scotiae,

425 2559 577 2611 tenorem
592 2545 789 2630 hujusmodi
806 2546 1043 2611 continentes:

476 2639 705 2728 ιΜειςιιὶίίοο8
734 2646 881 2728 principi
909 2645 1048 2711 domiuo
1081 2645 1267 2724 Edwardo,
1299 2648 1370 2712 Dur

424 2745 538 2827 gratia
552 2746 626 2828 regi
641 2745 792 2828 Angliae,
806 2746 962 2811 loannes
981 2745 1099 2809 eadem
1117 2747 1231 2828 gratia
1245 2747 1372 2813 Sectiae

424 2865 499 2910 rex.
557 2844 645 2909 Cum
668 2865 730 2910 vos
759 2865 801 2909 ac
833 2845 884 2909 illi
908 2845 950 2908 de
979 2865 1087 2927 regno
1113 2855 1242 2924 vestro,
1272 2849 1370 2912 vobis

424 2963 494 3008 non
518 2945 772 3026 ignorantibus,
798 2940 854 3009 vel
877 2947 1037 3026 ignorare
1061 2965 1130 3008 non
1156 2945 1370 3026 debentibus,

425 3063 488 3126 per
502 3036 709 3109 ⁴violentam
730 3044 934 3127 potentiam,
957 3045 1056 3109 nohis
1080 3064 1121 3109 ac
1138 3047 1237 3128 regni
1260 3050 1370 3112 nostri

423 3143 544 3208 incolis
566 3163 703 3234 graves,
727 3144 831 3208 immo
852 3144 1085 3210 intolerabiles
1106 3145 1262 3233 injurias,
1289 3166 1370 3212 con·

423 3251 587 3326 temptus,
607 3252 642 3309 et
657 3244 872 3326 gravamina,
890 3263 953 3308 nec
970 3263 1038 3309 non
1062 3251 1099 3308 et
1122 3244 1249 3310 damna
1271 3267 1370 3312 enor-

422 3343 492 3407 mia
521 3350 644 3408 contra
675 3351 812 3432 nostras
848 3349 883 3407 et
913 3344 1012 3426 regni
1037 3345 1147 3408 nostri
1179 3346 1368 3426 libertates,

421 3463 463 3506 ac
481 3451 602 3508 contra
623 3444 737 3508 Deum
758 3452 793 3508 et
808 3443 983 3527 justitiam
1005 3445 1139 3509 notorie
1156 3453 1191 3510 et
1210 3445 1368 3530 frequen·

455 3649 463 3682 ¹
480 3653 604 3702 ‘nobilem
612 3647 627 3712 3’
639 3651 678 3700 M.
908 3657 984 3703 tatem
996 3653 1070 3715 lacis,
1081 3654 1150 3715 quod
1166 3655 1188 3703 si
1199 3655 1254 3717 ipse
1266 3657 1367 3706 mittens

456 3719 626 3784 ’According
653 3725 679 3770 to
701 3721 815 3782 For-dun,
839 3720 881 3771 the
907 3723 1366 3786 uonrultvenireadnos,nosvenie·

418 3791 532 3841 abbatos
540 3791 666 3841 Arbmath
677 3805 732 3841 ms
740 3791 784 3841 the
792 3792 883 3841 beurer
906 3808 963 3843 mus
974 3794 1007 3843 ed
1018 3787 1093 3842 enm?
1110 3793 1214 3844 Fordun
1222 3810 1238 3845 a
1247 3795 1367 3859 Goodnll,

418 3862 448 3911 oi
457 3862 562 3912 Buliol's
573 3861 747 3911 renunciation
755 3861 784 3911 os
791 3861 832 3911 hie
843 3863 878 3910 al-
905 3864 933 3914 ii.
947 3868 1004 3914 166.

416 3931 546 3994 legiunce3
563 3936 589 3982 to
605 3931 689 3981 which
709 3931 822 3981 Edward
841 3946 880 3980 ΓΘ·
938 3964 1014 4018 ⁸see
1028 3967 1079 4017 this
1093 3965 1168 4017 letter
1184 3969 1212 4017 in
1227 3969 1366 4032 Kuightou,

446 4003 452 4012 -
531 4003 539 4030 ι
872 4002 878 4013 .

416 4002 506 4131 aaa
526 4001 769 4131 nertstert
784 4000 879 4134 att
904 4037 1130 4118 ascet-ara
1148 4038 1284 4099 nem-⁹22
1298 4040 1368 4089 m.

416 4141 469 4189 ‘Sil
491 4156 523 4189 ne
542 4141 594 4190 volt
610 4142 682 4189 venir
703 4155 720 4188 a
740 4155 814 4200 nous,
832 4153 877 4190 uos
903 4107 1027 4170 ”nmm'
1038 4112 1088 4170 ⁶⁶3
1105 4109 1247 4171 Rymer'ii‘
1259 4113 1316 4159 ⁷⁰⁷⁸

415 4209 540 4258 vendrous
551 4225 568 4258 a
578 4207 616 4258 li.'
653 4209 728 4261 Quod
746 4213 785 4260 est
795 4210 876 4272 dictu,
936 4207 946 4236 ⁴
964 4209 1114 4261 ‘violentem
1124 4205 1139 4271 ς’
1156 4206 1235 4274 D’A,
1246 4212 1296 4274 M,
1310 4211 1368 4273 Ar„

414 4279 490 4328 ‘Tibi
501 4279 567 4342 dico,
579 4279 615 4328 lili
623 4279 704 4342 fatue,
712 4279 788 4328 talem
799 4279 875 4329 fatui·
899 4282 924 4327 et
934 4279 981 4328 Ar.
994 4283 1051 4329 220.
