3226 5020
593 515 771 564 sannaus.
1093 501 1158 565 257

202 673 284 738 dum
304 682 431 750 essent,
452 673 664 757 scripserunt
682 676 714 739 ei
736 677 883 739 barones
902 675 1036 740 litteras
1055 673 1158 758 hujus

207 775 335 840 tenoris
348 774 374 854 t]

255 872 578 937 ‘Excellentissimo
609 871 748 938 domino
784 893 848 937 suo
884 873 1038 937 Henrico
1086 873 1156 935 Dar
1171 889 1306 932 rasarone

204 973 318 1055 gra-tia
348 972 476 1036 illustri
510 973 583 1054 regi
613 971 764 1055 anglia,
792 973 932 1038 domino
965 973 1156 1049 Hiberniae,
1169 941 1308 1042 iiin‘ifmh‘

204 1067 284 1137 duci
309 1071 521 1154 Aquitaniae,
542 1073 689 1136 barones
717 1080 753 1136 et
776 1073 836 1136 alii
865 1072 982 1136 fideles
1007 1073 1074 1148 sui,
1100 1092 1156 1137 sa·

204 1178 416 1236 crumentum
439 1178 474 1236 et
494 1171 694 1235 fidelitatem
720 1173 798 1235 Duo
824 1179 859 1235 et
882 1172 947 1235 sibi
973 1173 1156 1236 observare

205 1272 372 1346 volentes,
393 1270 541 1334 salutem
563 1278 598 1334 et
621 1270 775 1335 debitum
794 1291 871 1335 cum
896 1271 1026 1335 bonore
1047 1271 1156 1334 famu-

204 1371 325 1434 latum.
393 1370 481 1435 Cum
514 1389 577 1452 per
608 1371 709 1452 plura
741 1371 981 1453 experimenta
1014 1370 1157 1453 liqueat,

205 1471 298 1552 quod
325 1469 464 1553 quidam
494 1469 592 1533 vobis
620 1471 822 1534 assistentes
850 1468 959 1533 multa
987 1469 1029 1533 de
1058 1471 1158 1534 nobis

206 1569 384 1633 mendacia
436 1569 662 1633 dominationi
713 1578 838 1634 vestrae
893 1562 1158 1650 ¹suggesserint,

207 1669 299 1732 mala
315 1675 446 1751 quanta
463 1676 608 1751 possunt
625 1688 692 1732 non
714 1669 825 1733 solum
847 1669 958 1745 nobis,
973 1667 1033 1732 sed
1054 1669 1158 1732 etiam

206 1769 305 1832 vobis
327 1775 362 1832 et
387 1768 452 1833 toti
474 1787 579 1850 regno
603 1776 719 1832 vestro
739 1768 958 1832 intentantes.
1012 1767 1161 1832 Noverit

207 1867 413 1931 excellentia
443 1876 572 1944 vestra,
602 1867 693 1950 quod
726 1868 874 1932 salutem
908 1876 944 1932 et
976 1868 1159 1931 sanitatem

208 1966 361 2048 corporis
380 1967 487 2030 vestri
507 1967 590 2030 totis
611 1967 752 2044 viribus,
772 1975 808 2031 et
833 1966 1033 2030 fidelitatem
1062 1968 1160 2030 vobis

208 2066 358 2130 debitam
374 2066 534 2130 volumus
559 2067 755 2147 observare,
776 2066 933 2130 inimicos
953 2085 1021 2129 non
1047 2066 1159 2130 solum

208 2173 354 2242 vestros
372 2166 431 2229 sed
455 2165 559 2229 etiam
581 2172 718 2230 nostros
736 2174 771 2231 et
790 2166 898 2231 totius
919 2166 1018 2246 regni
1041 2167 1159 2240 vestri,

204 2265 310 2349 juxta
333 2284 435 2347 posse
458 2283 606 2346 gravare
624 2273 877 2348 proponentes:
902 2263 970 2327 illis
993 2265 1024 2327 si
1047 2264 1161 2346 placet

208 2363 417 2448 supradictis
455 2383 522 2427 non
565 2365 724 2428 credatis.
799 2364 874 2428 Nos
912 2363 1002 2426 enim
1042 2363 1161 2426 fideles

209 2465 314 2529 vestri
347 2483 481 2545 semper
517 2464 750 2542 inveniemur;
782 2471 817 2528 et
842 2481 905 2527 nos
934 2481 1048 2526 comes
1082 2461 1160 2526 Lei·
1265 2524 1268 2529 .

208 2564 342 2628 cestriae
372 2571 408 2627 et
434 2556 650 2627 ²Gilebertus
679 2562 722 2627 de
749 2562 863 2639 Clare,
886 2561 929 2626 ad
960 2561 1159 2644 petitionem

209 2665 367 2739 aliorum,
394 2663 574 2745 pronubis
597 2671 633 2726 et
656 2662 741 2745 ipsis
763 2656 882 2745 ³signa
908 2668 1027 2725 nostra
1053 2680 1161 2744 appo·
1232 2713 1236 2718 .

205 2763 359 2827 suimus.'

254 2862 448 2946 Rescripsit
490 2868 605 2925 autern
654 2862 703 2926 eis
741 2881 802 2924 rex
846 2861 981 2926 litteras
1023 2863 1059 2924 in
1097 2861 1161 2924 hac

210 2962 343 3026 forma:

262 3060 457 3125 ‘Henricus
491 3060 560 3123 Dm
592 3059 707 3139 gratia
735 3078 797 3123 rex
822 3058 972 3144 Angliee,
1003 3059 1283 3130 dominusnnreny

212 3160 401 3237 Hiberniae,
431 3159 502 3223 dux
536 3157 749 3239 Aquitaniae,
779 3159 922 3242 Symoni
951 3160 993 3223 de
1026 3132 1322 3242 Monte-⁸”0dd‘moe'

212 3258 305 3337 forti,
338 3258 517 3323 Gileberto
548 3258 590 3320 de
617 3257 730 3330 Clare.
764 3265 799 3321 et
838 3278 954 3322 eorum
986 3259 1161 3340 complici·

210 3360 287 3424 bus.
333 3357 421 3423 Cum
445 3377 505 3440 per
527 3376 687 3438 guerram
710 3364 745 3422 et
771 3349 1080 3440 *perturbationem
1104 3377 1162 3438 ge·

211 3459 361 3522 noralem
387 3459 421 3520 in
447 3477 553 3538 regno
579 3464 698 3520 nostro
716 3456 791 3540 jam
815 3477 876 3538 per
900 3476 963 3519 vos
988 3458 1162 3532 subortas,

213 3578 346 3622 necnon
377 3555 535 3620 incendia
568 3562 603 3619 et
625 3550 769 3620 ⁵damna
796 3556 949 3619 enormia
988 3555 1068 3644 alia,
1101 3574 1163 3638 ap·

104 3719 119 3744 ⁴
212 3665 333 3740 pereat
357 3655 537 3719 manifeste
560 3655 651 3737 quod
676 3655 873 3719 fidelitatem
895 3661 1044 3718 vestram
1064 3655 1162 3718 nobis

212 3776 281 3821 non
298 3751 520 3831 ⁶observatiS,
543 3773 605 3817 nec
626 3754 669 3817 de
685 3755 869 3818 securitate
887 3755 1039 3836 corporis
1055 3753 1163 3817 nostri

211 3857 247 3920 in
270 3856 385 3938 aliquo
408 3855 549 3930 curatis,
576 3873 617 3916 eo
641 3852 732 3935 quod
755 3862 934 3936 magnates
956 3861 991 3918 et
1014 3853 1101 3917 alios
1124 3852 1162 3914 fi-

211 3955 306 4020 deles
324 3962 475 4030 nostros,
490 3960 618 4016 nostrae
637 3952 715 4016 fidei
729 3960 930 4017 constanter
949 3953 1164 4016 adhaerentes

249 4170 256 4201 ¹
274 4171 443 4233 ‘ingesserint
451 4164 465 4229 3’
479 4165 548 4220 o'l.
559 4173 583 4218 ct
596 4169 636 4216 M.
739 4167 749 4198 ⁴
766 4171 830 4230 ‘per
840 4168 1005 4216 turbationem
1014 4165 1029 4228 ς’
1042 4161 1109 4217 D’A.

248 4239 258 4270 ²
275 4241 425 4292 ‘Gilbertus
434 4239 450 4299 ;'
461 4240 502 4288 M.
739 4235 749 4266 ⁵
767 4239 877 4287 ‘danrna
885 4233 900 4297 ;'
913 4239 1025 4300 wanting
1036 4239 1063 4286 in
1074 4239 1112 4286 M.

247 4309 258 4343 ⁸
273 4313 281 4340 ⁶
293 4311 380 4373 sigilla
392 4305 406 4370 ;’
419 4310 458 4358 M.
740 4305 750 4337 ⁰
767 4309 890 4356 ‘servatis
900 4302 914 4367 ς’
927 4309 965 4357 Μ.
977 4312 1001 4355 et
1011 4306 1058 4358 Ar.

996 4398 1014 4444 S
