3220 4990
432 505 498 570 244
802 517 873 566 rue.
889 517 1037 566 rmvsrr

436 695 536 742 suum
568 676 845 759 primogenitum,
878 693 956 739 cum
989 676 1064 759 Jam
1096 683 1189 739 esset
1221 691 1391 738 annorum

436 775 643 860 quindecim,
684 775 876 841 transmisit
912 775 956 838 ad
993 769 1236 839 ¹Aldesonsum
1272 793 1388 855 regem

438 876 613 951 Castellae,
632 883 672 940 ut
684 894 761 939 oum
778 874 886 939 nobili
905 874 1021 957 puella
1033 873 1213 950 Alienum,
1233 873 1389 958 ejusdem

439 977 529 1057 regis
545 994 674 1050 sorore,
689 975 791 1039 iniret
800 975 1020 1038 connubium.
1055 973 1166 1052 Quem
1180 972 1390 1038 Aldesonsus

439 1094 500 1139 rex
527 1075 571 1140 ed
599 1075 776 1139 civitatem
803 1075 998 1158 Hispaniae,
1027 1092 1106 1155 quoe
1134 1073 1241 1156 vulgo
1265 1067 1391 1137 'Bures

439 1173 577 1252 dicitur,
606 1175 798 1239 venientem
819 1193 897 1238 oum
922 1173 1050 1256 gaudio
1072 1181 1107 1238 et
1131 1172 1260 1238 honore
1283 1172 1393 1237 susci·

441 1276 550 1358 piens,
585 1273 791 1339 militaribus
826 1275 931 1338 armis
967 1273 1091 1351 cinxit,
1126 1280 1163 1337 et
1195 1273 1392 1356 nuptiarum

442 1369 635 1439 ⁸solemniis
658 1373 759 1439 valde
781 1372 999 1450 honoratum,
1022 1391 1099 1436 cum
1120 1391 1230 1437 uxore
1257 1372 1301 1436 ad
1329 1391 1392 1456 pa-

441 1481 527 1539 trem
560 1474 702 1538 remisit.
769 1471 994 1538 Innocentius
1032 1491 1125 1556 papa
1155 1491 1233 1536 cum
1266 1491 1393 1554 magno

442 1575 597 1639 exercitu
621 1571 786 1656 Apuliam
809 1574 986 1656 ingressus
1008 1573 1166 1650 moritur,
1185 1591 1264 1636 cum
1281 1571 1390 1636 sedis-

442 1681 496 1738 set
517 1673 615 1736 annis
637 1672 806 1748 undecim,
834 1672 1008 1736 mensibus
1034 1691 1110 1750 sex,
1132 1679 1168 1736 et
1187 1671 1280 1756 apud
1299 1671 1391 1736 Nea·

443 1773 548 1855 polim
574 1772 751 1855 sepelitur.
797 1771 971 1837 Successit
998 1770 1200 1836 Alexander
1220 1765 1394 1854 ⁴qnartus,

443 1873 584 1936 natione
609 1870 816 1954 Campanus.
871 1871 953 1935 Filii
974 1871 1185 1954 Margarete
1210 1872 1394 1936 comitissae

445 1971 679 2048 Flandrensis,
708 1989 794 2054 quos
822 1979 1020 2054 susceperat
1044 1971 1087 2035 de
1110 1971 1308 2037 Burcaredo
1333 1971 1393 2034 do·

444 2071 536 2136 mino
563 2071 606 2135 de
636 2070 780 2147 Avenis,
807 2071 1069 2136 insurrexerunt
1093 2080 1214 2137 contra
1237 2079 1394 2148 matrem,

441 2171 528 2255 quia
545 2191 604 2236 eos
625 2170 834 2235 exheredare
854 2171 976 2248 voluit,
998 2179 1033 2236 et
1052 2170 1293 2236 heredem-sibi
1315 2171 1396 2234 sub·

442 2271 587 2335 stituere
605 2270 712 2334 lilium
735 2289 835 2335 sunm
854 2269 1061 2349 Gnidonem,
1076 2290 1177 2354 quem
1195 2270 1238 2334 de
1261 2289 1303 2335 ea
1324 2264 1396 2352 ⁵ge-

443 2372 520 2435 nuit
542 2371 684 2435 maritus
708 2371 877 2453 posterior
895 2370 1092 2436 Willelmus
1114 2371 1157 2435 de
1172 2365 1395 2454 “Dampetra

446 2470 632 2535 comitissa
649 2489 731 2535 voro
747 2472 783 2536 in
799 2471 854 2535 sui
870 2471 1080 2554 adjutorium
1098 2469 1260 2536 Carolum
1278 2470 1397 2536 Ande·

445 2590 630 2652 gavensem
660 2571 820 2635 comitem
850 2571 1044 2646 accersivit,
1078 2571 1256 2636 conferens
1288 2571 1397 2635 eidem

447 2670 646 2734 Harmoniae
660 2671 886 2750 comitatum
910 2689 1011 2752 quem
1031 2669 1093 2733 filii
1116 2671 1313 2748 comitissae,
1336 2670 1397 2734 ad-

444 2770 592 2853 juvante
614 2788 674 2833 eos
696 2789 778 2850 rege
797 2769 1034 2833 Romanorum
1050 2769 1238 2848 Willelmo,
1252 2769 1399 2852 aliisque

446 2869 627 2932 Teutonico
642 2867 866 2951 principibus,
884 2869 1019 2934 sortiter
1036 2871 1295 2952 oppugnabant.

466 3085 492 3122 D.
504 3085 529 3120 M.
541 3085 596 3120 ,1.0.
680 3085 879 3122 insomniorum
893 3086 918 3123 n.
1019 3086 1173 3124 mucosum
1230 3087 1370 3124 asomum!

456 3066 1396 3297 -Ιιιι

701 3233 726 3280 1.
896 3235 921 3281 S.
1081 3234 1122 3280 29.
1281 3235 1322 3280 89.

284 3394 427 3435 oculoru·
499 3374 679 3438 Momruu
712 3349 920 3452 Willelinus,
950 3395 1011 3438 rex
1044 3373 1248 3439 Alemaniae.
1301 3375 1401 3440 Elec·

283 3456 385 3496 ’Μ
448 3483 540 3537 tores
563 3494 645 3538 vero
670 3475 887 3557 imperatoris
914 3476 958 3538 ab
987 3475 1133 3538 invicem
1164 3465 1281 3538 ⁷divisi
1308 3483 1401 3553 sunt,

446 3575 497 3637 ita
511 3581 551 3638 ut
569 3573 707 3656 quidam
733 3593 846 3656 regem
869 3573 1033 3639 Castellae
1056 3573 1234 3656 eligerent,
1260 3574 1401 3656 quidam

448 3693 529 3738 vero
546 3673 748 3748 Ricardum,
767 3673 909 3738 fratrem
925 3674 1016 3755 regis
1031 3673 1235 3755 Auglornm.
1289 3673 1402 3739 Comi-

483 3893 616 3946 ¹Allonso
640 3897 685 3957 X„
708 3899 843 3948 sornamed
869 3900 912 3949 the
937 3900 991 3948 rius
1007 3905 1125 3964 suggests
1140 3897 1324 3963 ‘Burgec'lor
1338 3902 1403 3951 Bur·

448 3965 527 4016 Wise.
562 3967 604 4017 On
621 3966 673 4016 this
689 3969 807 4018 occasion
823 3969 913 4032 Henry
938 3984 992 4033 gos.

448 4036 574 4096 promised
591 4051 608 4085 n
624 4042 698 4099 grant
712 4037 741 4087 of
753 4037 871 4088 Guieune
887 4045 914 4090 to
972 4037 983 4068 ⁸
999 4039 1142 4090 ‘solemniis
1153 4040 1286 4092 celebratis
1296 4041 1312 4102 3’
1323 4042 1362 4092 M.

449 4105 489 4153 hir
505 4121 550 4154 sou
570 4106 692 4169 Edward,
706 4107 803 4171 adding
818 4109 914 4158 thereto
973 4107 983 4138 ⁴
1000 4111 1045 4160 All
1055 4111 1098 4158 the
1109 4111 1186 4160 MSS.
1198 4110 1263 4160 have
1277 4113 1405 4162 ‘tertius'

448 4175 914 4239 Wales,1reland,andBristol;whieh
975 4177 985 4208 ⁸
1000 4181 1140 4243 ‘genuerat
1149 4176 1163 4240 ς’
1176 4181 1215 4230 Μ.
1226 4185 1251 4230 et
1261 4181 1309 4232 Ar.

448 4258 503 4293 was
514 4247 658 4307 confirmed,
674 4247 749 4308 inira,
760 4263 786 4309 p.
798 4253 857 4299 246.
974 4246 985 4277 ⁶
1003 4251 1012 4278 ‘
1022 4251 1153 4312 Danpetra
1164 4247 1182 4310 3'
1194 4251 1232 4300 M.
1241 4255 1266 4300 et
1276 4251 1323 4300 Ar.

485 4311 495 4341 ¹
511 4315 606 4365 ‘Bines
615 4312 631 4378 ;'
643 4317 682 4367 M.
691 4321 772 4370 etAr.
797 4314 916 4369 D’Aolre·
976 4315 986 4350 ⁷
1003 4321 1131 4382 ‘separati
1142 4315 1156 4381 ;’
1168 4321 1207 4369 M.
