3226 5020
444 465 511 530 334
801 478 873 525 rue.
898 477 1044 525 rnrvnrr

445 637 740 720 archiepiscopum
770 635 1055 702 cantuariensem
1082 635 1116 697 in
1150 634 1246 697 curia
1276 651 1396 697 conse-

445 746 574 817 cratus,
597 739 634 801 in
666 735 830 818 Angliam
858 737 1012 812 veuieuS,
1038 734 1062 797 J
1066 735 1168 798 oanni
1197 734 1239 797 de
1274 734 1395 798 Mone-

446 838 567 902 mutha
583 837 716 902 doctori
733 836 918 917 theologiae
932 836 1167 918 episcopatum
1188 833 1395 898 Landaven-

446 957 519 1003 sem
548 938 756 1003 auctoritate
781 936 901 1019 papali
930 935 1089 1011 contulit,
1119 935 1178 1016 qui
1196 933 1271 1018 jam
1295 952 1398 997 vaca-

285 1057 413 1118 ueeponor
447 1045 546 1102 verat
570 1038 690 1102 multis
718 1037 826 1100 annis.
886 1035 929 1099 In
959 1035 1080 1117 vigilia
1110 1041 1227 1098 autem
1255 1032 1395 1098 Natalis

286 1109 385 1198 iiiifm
449 1139 589 1202 Domini
605 1137 697 1221 apud
718 1136 902 1220 Neapolim
924 1135 960 1198 in
980 1154 1107 1217 papam
1129 1135 1270 1216 eligitur
1287 1134 1397 1197 Bene·

447 1239 560 1304 dictus
587 1237 788 1322 cajetanus,
813 1237 952 1300 natione
977 1233 1189 1318 Campanus
1210 1234 1253 1299 de
1276 1232 1394 1314 Anag-

447 1339 507 1402 nia
529 1338 681 1403 civitate.
735 1336 806 1401 Hic
834 1335 1036 1400 Bonifacius
1066 1341 1212 1399 octavus
1240 1339 1396 1409 vocatus

448 1439 565 1502 statim
585 1445 664 1520 post
685 1456 783 1500 suam
804 1437 1014 1500 creationem
1034 1435 1233 1517 episcopum
1257 1433 1396 1496 Ostien-

448 1557 520 1602 sem
547 1558 651 1620 super
676 1536 882 1620 quibusdam
907 1536 944 1599 in
966 1535 1155 1617 praesentia
1172 1533 1397 1598 cardinalium

448 1657 599 1720 arguens
621 1631 826 1714 durissime,¹
844 1635 942 1718 pallii
962 1655 1024 1699 usu
1046 1635 1223 1718 privavit3
1246 1641 1281 1698 et
1297 1633 1398 1696 nihil-

450 1739 585 1802 ominus
610 1739 655 1801 ab
679 1738 797 1801 eodem
815 1745 895 1801 ante
917 1735 1170 1800 restitutionem
1188 1733 1284 1816 pallii
1302 1752 1399 1797 coro·

288 1855 378 1894 edward
451 1845 565 1901 natur.
634 1836 714 1900 Rex
750 1844 865 1901 autem
898 1835 1038 1917 Angiiae
1070 1835 1163 1917 apud
1195 1828 1397 1898 ²Abereoun

286 1915 359 1954 passas
367 1905 404 1943 the

287 1937 576 2044 iiiiiiaasestum
604 1936 716 2000 tenuit
742 1935 949 2000 Nativitatis
976 1936 1179 2011 Dominicae,
1206 1934 1265 1998 ubi
1288 1933 1399 1997 archi-

289 2056 437 2104 Abereonwar·
451 2037 649 2120 episcopum
693 2036 980 2101 Cantuariensem
1028 2036 1072 2099 ad
1111 2055 1148 2100 se
1195 2035 1399 2110 venientem,

451 2139 556 2202 misso
577 2136 609 2200 ei
634 2137 771 2202 obviam
798 2136 842 2199 ad
865 2155 1022 2200 securum
1042 2135 1249 2199 conductum
1274 2135 1400 2198 sacien-

451 2237 532 2300 dum
560 2236 684 2300 clerico
714 2237 863 2320 quodam
888 2236 1024 2300 Joanne
1047 2236 1090 2299 de
1120 2235 1296 2298 Berewico
1322 2254 1400 2298 cum

452 2356 555 2401 manu
574 2343 720 2413 armata,
738 2338 890 2419 gratiose
906 2337 1036 2418 recepit
1050 2361 1059 2410 ;
1090 2343 1125 2399 et
1142 2334 1308 2398 fidelitate
1325 2335 1400 2418 ejus

452 2458 556 2520 quam
579 2457 624 2500 ex
641 2455 736 2500 more
759 2444 895 2502 tenetur
912 2437 986 2518 regi
1006 2436 1119 2500 facere
1137 2436 1299 2512 admissa,
1323 2454 1400 2498 curn

452 2538 571 2603 favore
589 2537 731 2601 remisit.

1244 2751 1382 2788 ANGLORUM

1207 2861 1213 2875 ι
1244 2839 1360 2874 unwannl
1370 2839 1387 2874 1.
1397 2739 1413 2953 }

291 3055 417 3145 Jffiserfl.
506 3037 550 3100 Iu
591 3036 647 3100 die
687 3034 966 3100 circumcisionis
1004 3037 1146 3100 Domini
1182 3036 1317 3100 reddita
1349 3045 1402 3100 est

290 3156 411 3204 neutros
454 3135 585 3200 Joann'i
617 3136 660 3199 de
690 3135 819 3200 Sancto
854 3134 993 3199 Joanne
1026 3137 1152 3200 civitas
1186 3136 1403 3212 BaionensiS,

292 3207 398 3256 Bam
455 3257 559 3320 quam
593 3236 649 3299 die
673 3228 908 3318 ³praecedente
934 3244 1098 3319 ceperant
1125 3243 1241 3300 nautae
1272 3237 1407 3301 sortiter

455 3343 715 3422 expugnatam
749 3335 946 3418 multosque
972 3335 1014 3398 de
1042 3336 1187 3413 civibus
1217 3355 1305 3418 quos
1332 3337 1405 3418 regi

455 3435 650 3519 Anglorum
683 3435 860 3499 adversari
888 3443 1103 3518 compertum
1137 3443 1202 3513 est,
1240 3437 1405 3518 praefatus

455 3536 478 3600 J
482 3557 613 3602 oannes
645 3543 767 3618 captos
805 3536 841 3599 in
872 3533 1037 3618 Angliam
1072 3555 1133 3619 per
1166 3554 1261 3600 mare
1293 3543 1405 3600 trans-

455 3637 570 3717 misit3
610 3636 823 3700 obsidionem
853 3655 935 3700 vero
970 3636 1086 3718 posuit
1121 3637 1213 3700 circa
1242 3643 1406 3712 castrum,

455 3736 548 3818 quod
571 3744 652 3819 post
671 3735 744 3798 dies
768 3725 847 3798 octo
869 3735 973 3818 cepit,
996 3735 1242 3818 dominumque
1265 3736 1406 3819 Asperi-

491 3885 499 3915 ¹
517 3887 702 3950 Walsingham,
713 3903 740 3948 p.
757 3891 798 3948 25,
810 3901 879 3948 says,
892 3888 918 3935 iu
943 3888 985 3959 the
1000 3889 1134 3938 meekness
1146 3889 1175 3937 of
1184 3889 1320 3950 Celerum,
1331 3889 1406 3937 while

455 3973 502 4007 one
531 3957 561 4007 of
579 3957 619 4007 his
642 3958 842 4018 interpolations,
864 3957 920 4006 that
943 3959 985 4007 the
993 3959 1107 4008 violence
1118 3958 1148 4007 of
1153 3959 1275 4008 Boniiace
1287 3959 1333 4008 has
1344 3961 1407 4007 been

456 4027 584 4077 Gelestine
596 4027 653 4076 said
669 4033 694 4076 to
707 4025 839 4086 Boniface,
855 4027 920 4076 ‘As-
944 4028 1020 4076 much
1038 4028 1221 4094 exaggeratam
1242 4044 1283 4078 we
1305 4045 1348 4078 are
1371 4031 1408 4077 in-

455 4098 564 4146 cendisti
584 4102 613 4145 ut
630 4098 731 4159 vulpes,
753 4097 870 4158 regnabis
892 4103 920 4146 ut
944 4098 1027 4146 clined
1039 4103 1064 4147 to
1080 4099 1152 4147 think
1170 4098 1213 4147 the
1231 4099 1351 4148 anecdota
1363 4101 1408 4148 be·

455 4166 505 4227 leo,
524 4167 637 4215 morieris
660 4170 689 4214 ut
708 4161 803 4224 canis?
826 4167 873 4214 but
891 4181 920 4215 as
944 4169 1017 4230 longs
1029 4173 1079 4217 toa
1090 4169 1166 4218 much
1177 4170 1242 4218 later
1252 4183 1309 4230 ege.

455 4236 543 4284 Trivet
554 4236 616 4285 does
627 4241 671 4284 not
678 4236 788 4284 mention
800 4235 860 4297 this,
871 4238 919 4285 aud
979 4235 990 4266 ²
1007 4239 1156 4288 ‘Abertoun
1164 4237 1180 4299 ;’
1195 4241 1255 4290 Cod.
1269 4241 1332 4300 Reg.

455 4305 498 4354 the
513 4306 635 4356 anecdota
655 4307 678 4354 is
693 4310 719 4354 at
730 4306 846 4354 variance
858 4307 919 4354 with
981 4305 991 4337 ³
1007 4310 1174 4370 ‘precedenti
1186 4310 1204 4370 ;’
1216 4309 1298 4359 MSS.
