3226 5020
624 511 807 559 anninus.
1128 496 1194 559 315

242 669 446 753 Babyloniae
464 669 610 751 capitur,
636 669 754 751 quiin
778 689 819 732 ea
842 669 952 732 multa
976 667 1327 780 Christi³ss0·3‡,1},²;¹,{⁹⁰f

241 789 317 832 rum
346 770 453 833 millia
478 769 675 834 trucidavit.
720 769 777 832 Ex
809 768 908 852 cujus
932 769 1092 852 captione
1118 775 1189 832 ter·
1285 759 1290 770 '

241 870 298 933 riti
325 868 525 946 Christiani,
555 869 614 952 qui
636 875 735 932 erant
757 869 794 931 in
824 867 962 943 Acbon,
990 887 1012 932 a
1039 867 1191 933 Soldauo

239 969 395 1033 inducias
418 969 604 1050 impetrant
626 968 815 1032 biennales,
868 967 994 1031 Comes
1013 967 1190 1032 Eadmun-
1268 955 1270 960 ’

241 1068 306 1131 dus
332 1068 528 1145 Comubiae,
552 1069 607 1133 cui
635 1087 698 1130 rex
724 1066 864 1148 Angliae
890 1068 925 1130 iu
944 1086 1008 1130 sua
1032 1068 1191 1132 absentia

241 1169 339 1248 regni
366 1169 583 1233 commiserat
610 1167 814 1243 custodiam,
837 1185 1001 1247 magnum
1031 1166 1125 1230 ducit
1153 1167 1189 1230 in

241 1267 404 1331 Walliam
423 1269 612 1331 exercitum
630 1273 751 1330 contra
771 1266 915 1330 Resum.
968 1265 1056 1329 Cum
1074 1275 1189 1330 autem

241 1375 392 1430 castrum
419 1367 461 1430 de
487 1360 689 1442 ¹Druselan,
710 1365 801 1448 quod
830 1373 905 1430 erat
934 1365 1031 1442 Resi,
1054 1364 1189 1430 obside-

242 1474 305 1542 ret,
331 1473 366 1530 et
388 1485 504 1530 muros
529 1467 604 1551 ejus
631 1466 754 1530 suffodi
778 1465 919 1542 faceret,
946 1484 1029 1528 casu
1052 1465 1189 1529 illorum

243 1566 358 1630 subito
380 1565 433 1630 vir
455 1566 591 1642 nobilis,
617 1565 813 1629 Willelmus
839 1565 881 1628 de
903 1563 1189 1642 Monte-Cauisii,

243 1664 371 1747 aliique
395 1664 521 1728 milites
538 1665 676 1747 plurimi
705 1672 740 1730 et
762 1664 916 1730 scutiferi
938 1664 1187 1746 opprimuntur.

242 1764 323 1828 Hoc
355 1783 445 1827 anno
475 1765 624 1844 armiger
651 1765 803 1847 quidam,
822 1763 997 1828 Robertus
1029 1763 1188 1826 Camera-

242 1864 324 1937 rius,
340 1883 416 1925 cum
436 1863 672 1944 complicibus,
684 1863 833 1926 tentoria
850 1872 1078 1927 mercatorum
1096 1863 1188 1944 apud

242 1969 398 2026 sanctum
416 1961 596 2026 Botulfum
613 1962 811 2038 incendens,
832 1961 956 2026 diffuso
981 1963 1072 2042 igne,
1091 1981 1188 2042 mag·

243 2081 323 2125 nam
338 2069 471 2143 partem
485 2061 577 2125 villae
598 2069 633 2124 et
653 2062 832 2124 ecclesiam
849 2060 993 2124 fratrum
1013 2060 1188 2124 Praedica-

242 2168 356 2224 torum
384 2160 594 2238 combussit3
625 2160 775 2242 dumque
800 2167 1008 2223 mercatores
1034 2180 1098 2242 pro
1120 2159 1189 2223 sal-

243 2259 364 2324 vandis
395 2259 566 2323 mercibus
593 2260 665 2322 suis
690 2267 725 2322 et
751 2259 987 2339 extinguendo
1019 2260 1098 2339 igue
1121 2258 1191 2321 dis-

242 2366 431 2436 currerent,
457 2378 519 2440 per
546 2358 674 2421 dictum
707 2359 913 2439 armigerum
942 2365 977 2421 et
1004 2375 1086 2421 suos
1114 2365 1188 2422 tru-

241 2459 412 2534 cidantur,
445 2457 544 2521 bouis
583 2477 701 2521 eorum
738 2456 890 2539 direptis.
960 2457 1042 2520 Fuit
1074 2465 1189 2520 autem

242 2559 308 2623 boc
331 2577 421 2621 anno
444 2557 480 2619 iu
510 2554 642 2637 Anglia
672 2562 772 2619 tanta
799 2555 937 2637 frugum
966 2555 1189 2633 abundantia,

243 2665 283 2721 ut
307 2656 519 2739 quarterium
543 2655 707 2718 frumeuti
735 2656 861 2718 alicubi
885 2675 948 2737 pro
970 2655 1111 2736 viginti,
1125 2656 1190 2718 ali·

243 2757 321 2821 cubi
348 2777 411 2839 pro
435 2755 621 2832 sexdecim,
646 2755 771 2818 alicubi
794 2774 857 2837 pro
883 2755 1062 2820 duodecim
1088 2755 1191 2818 deua-
1270 2768 1271 2771 ’
1324 2761 1327 2767 “

242 2857 302 2920 riis
325 2855 538 2920 venderetur.

266 3070 292 3108 D.
305 3073 330 3108 N.
341 3073 362 3108 J.
374 3073 397 3109 0.
500 3070 522 3106 Ρ.
533 3070 695 3106 Romanorum
709 3071 734 3107 R.
841 3069 994 3106 incubonem
1033 3068 1172 3104 ANGLORUM

255 3157 412 3194 uccmxmx.
455 3157 602 3194 mcoumrv.
672 3157 781 3192 annuum
840 3155 949 3192 rnrmrnr
961 3156 994 3190 1v.
1031 3155 1149 3191 annnam
1163 3156 1182 3192 1.

515 3218 540 3263 4.
712 3217 752 3262 17.
908 3216 934 3260 4.
1082 3215 1121 3260 17.

287 3356 470 3434 orroeos,
495 3357 655 3438 princeps
677 3353 834 3430 Achaiae,
862 3353 1011 3417 Romam
1037 3351 1189 3428 veniens,
1202 3365 1311 3456 pfaiplor

241 3477 304 3540 per
325 3475 451 3540 papam
477 3456 664 3520 Nicolaum
687 3473 708 3517 a
729 3454 928 3537 juramento
956 3451 1029 3533 regi
1051 3449 1188 3532 Arago·
1202 3427 1326 3514 ulbiens-

242 3576 324 3621 num
355 3556 510 3638 praestito
541 3554 745 3630 absolvitur,
783 3559 818 3616 et
848 3553 885 3614 iu
917 3571 1032 3632 regem
1063 3550 1189 3614 Siciliae

242 3664 439 3721 coronatur.
509 3653 607 3717 Inter
636 3653 660 3716 J
663 3653 808 3716 acobum
831 3657 1072 3733 occupatorem
1102 3649 1189 3713 Sici-

241 3757 298 3820 liae
318 3762 353 3818 et
376 3755 534 3818 comitem
556 3751 822 3816 Atrebatensem
844 3751 1024 3813 firmantur
1044 3749 1190 3814 induciae

242 3854 432 3918 biennales
485 3853 565 3916 Rex
583 3851 735 3933 Angliae,
760 3851 802 3914 de
822 3849 1000 3914 Vasconia
1019 3867 1191 3925 reversus,

244 3954 433 4019 Londouiis
460 3952 659 4016 solemniter
685 3951 848 4033 recipitur
870 3950 961 4012 circa
983 3948 1108 4013 festum
1124 3947 1192 4011 As-

243 4053 447 4136 sumptionis
473 4052 631 4132 Virginis
658 4051 837 4131 gloriosae;
873 4050 933 4131 qui
954 4048 978 4111 J
981 4048 1098 4112 udaeos
1120 4067 1193 4110 om·

590 4289 598 4322 ¹
617 4291 773 4340 ‘Drusselen
783 4285 797 4350 ;’
808 4290 848 4338 M.
