3252 5026
792 512 863 558 NIG.
890 510 1037 558 Tnlvnn‘i

481 721 487 736 .
516 720 549 734 ..
575 719 581 732 .
690 696 928 732 naomarroenma.
1042 693 1197 730 trancosum
1234 694 1373 730 munorum

469 785 579 822 mcoxnr.
610 784 759 820 rusocenrrr
771 769 971 902 arvernarum
982 784 1010 820 11.
1046 783 1155 818 eorunm
1167 783 1196 820 11.
1252 783 1355 818 rotimus

695 845 734 889 15.
910 845 935 888 2.
1102 845 1142 889 32.
1290 844 1329 890 14.

281 1015 390 1064 rhenus
496 1000 698 1066 Panopes
723 1001 936 1064 Francorum
956 1019 1032 1076 rex,
1049 999 1245 1064 coadunato
1262 1001 1401 1083 navigio

280 1066 306 1105 of
311 1066 391 1106 Franco

280 1127 377 1176 pravare·
445 1102 538 1184 apud
565 1095 771 1177 ¹Calesium,
800 1099 1016 1182 perpendens
1049 1099 1264 1163 Ferrandnm
1295 1101 1402 1165 Flan-

281 1167 391 1267 ῗπῗιῖἓὲἶ
444 1202 618 1266 drensium
634 1201 793 1267 comitem
810 1201 885 1282 regi
900 1197 1096 1281 Anglorum
1114 1199 1244 1278 favere,
1260 1201 1401 1268 divertit

444 1303 481 1370 in
510 1301 722 1378 Flandriam,
752 1308 804 1377 ut,
831 1319 873 1366 ea
903 1300 1000 1382 prius
1031 1299 1230 1384 subjugata,
1260 1301 1401 1366 liberius

445 1402 569 1468 deinde
582 1400 744 1483 Angliam
764 1406 959 1482 occuparet.
1006 1399 1151 1464 Interim
1165 1400 1189 1464 J
1193 1421 1321 1466 oannes
1338 1423 1400 1466 rex

446 1500 584 1584 Angliae
610 1503 751 1583 copiosa
783 1501 893 1566 classo
920 1500 1060 1564 navium
1088 1509 1223 1583 perata,
1251 1510 1287 1566 et
1314 1522 1402 1586 pree-

446 1603 569 1685 positis
597 1601 707 1668 eidem
734 1600 912 1665 Willelmo
938 1599 980 1664 de
1009 1599 1253 1684 Longa-spata
1282 1602 1401 1667 Seres-

447 1703 609 1780 beriensi,
634 1699 832 1783 Reginaido
855 1700 897 1764 de
917 1692 1173 1765 ²Dammartino
1200 1701 1401 1767 Boloniensi

448 1803 644 1879 comitibus
668 1821 708 1866 ac
736 1800 844 1865 nobili
870 1801 945 1865 viro
970 1800 1123 1882 Hugone
1149 1801 1192 1864 de
1215 1802 1403 1867 Novavilla

449 1923 526 1970 cum
554 1902 635 1969 viris
662 1900 797 1965 navalis
828 1900 909 1963 belli
941 1901 1073 1982 peritis,
1102 1903 1295 1967 transmisit
1325 1923 1401 1967 eam

449 2003 484 2065 in
502 2002 712 2078 Flandriam,
730 2009 770 2067 ut
786 2001 878 2082 regis
896 2000 1108 2064 Francorum
1133 2003 1310 2083 navigium
1329 1997 1402 2068 ³de-

449 2109 635 2176 struerent,
609 2109 706 2166 tet
736 2101 851 2184 ipsum
890 2102 933 2164 ab
969 2101 1229 2182 impugnatione
1268 2105 1403 2168 comitis

286 2221 334 2309 1323]
337 2219 431 2318 ,memet
452 2203 674 2266 Flendrensis
711 2200 925 2284 impedirent.
978 2201 1133 2282 Ingressi
1168 2202 1276 2283 igitur
1314 2223 1402 2286 pree-

287 2321 406 2368 structu
450 2303 534 2368 dicti
561 2302 693 2368 nobiles
715 2308 853 2385 portum
880 2295 1063 2366 4Damonis
1088 2321 1165 2365 cum
1196 2302 1307 2368 classe
1328 2323 1404 2381 sua,

287 2370 430 2420 mmm
451 2411 560 2469 totam
595 2403 665 2470 fere
697 2401 950 2468 multitudinem
985 2403 1124 2465 navium
1161 2395 1402 2480 ⁵Gallicarum,

449 2504 656 2568 victualibus
682 2509 883 2566 onustarum
906 2509 941 2566 et
963 2501 1081 2578 armis,
1103 2503 1139 2565 in
1158 2500 1323 2584 Angliam
1346 2506 1403 2568 ab·

450 2604 636 2668 duxerunt.
689 2603 770 2667 Rex
795 2608 911 2666 autem
936 2602 1162 2679 Francorum,
1188 2610 1259 2667 tam
1288 2607 1403 2669 subito

452 2711 695 2768 consternatus
712 2709 851 2778 eventu,
864 2695 1020 2766 ⁶relictas
1038 2700 1181 2788 (timens
1198 2722 1240 2766 ne
1253 2704 1289 2767 in
1304 2725 1404 2768 usum

452 2804 614 2866 oederent
639 2799 933 2886 adversariorum)
959 2802 996 2865 in
1018 2802 1072 2866 ira
1094 2802 1288 2868 vehementi
1316 2826 1405 2887 prae·

453 2903 545 2985 cepit
563 2903 728 2978 comburi,
748 2910 783 2965 et
799 2903 948 2984 acceptis
969 2903 1011 2966 de
1028 2901 1199 2967 Gandavo
1215 2904 1403 2983 obsidione,

290 3036 410 3074 sererent
454 3003 615 3084 villisque
630 3002 837 3084 quibusdam
847 3002 1000 3078 redditis,
1018 3022 1138 3067 versus
1150 3003 1304 3069 Parisios
1321 3005 1404 3069 diri·

290 3085 388 3124 t⁰P³¹i⁸'
453 3103 505 3184 git
522 3103 588 3166 iter
602 3123 714 3166 suum.

290 3236 354 3282 John,
365 3235 427 3282 being
503 3202 526 3267 J
530 3223 658 3267 oannes
678 3222 741 3268 rex
758 3200 898 3282 Angliae
916 3197 1034 3268 videns
1056 3205 1202 3268 barones
1224 3223 1306 3268 suos
1328 3224 1406 3269 oon·

289 3285 414 3382 diffide
414 3285 440 3332 y
455 3311 509 3368 tra
525 3324 562 3368 se
578 3305 770 3386 insurgere,
787 3309 908 3385 utpote
924 3303 984 3386 qui
1000 3324 1077 3368 cum
1094 3324 1176 3386 rege
1194 3306 1406 3369 Francorum

455 3424 516 3486 per
537 3405 671 3468 litteras
694 3422 775 3466 suas
798 3403 899 3485 ligias
922 3403 1086 3482 fecerant,
1103 3406 1310 3488 spondentes
1328 3425 1406 3487 reg-

456 3524 535 3567 num
561 3503 697 3586 Angliae
716 3503 891 3568 Lodovico
909 3503 981 3568 tilio
1003 3505 1094 3587 regis
1114 3506 1279 3589 ejusdem,
1303 3505 1408 3569 offen-

456 3624 598 3688 samque
625 3605 755 3668 domini
782 3623 883 3686 papae
907 3623 1011 3686 super
1037 3625 1075 3669 se
1103 3606 1145 3670 de
1175 3607 1231 3670 die
1256 3607 1292 3669 in
1318 3606 1407 3669 diem
1438 3611 1441 3620 '

457 3705 655 3794 aggravari,
677 3703 790 3767 flexus
816 3710 869 3766 est
894 3704 1019 3780 animo,
1043 3706 1133 3769 etin
1156 3707 1276 3789 primis
1298 3706 1407 3769 archi-

457 3806 656 3890 episcopum
680 3803 892 3886 Stephanum
919 3804 963 3866 ad
986 3824 1083 3868 suam
1114 3807 1270 3888 permisit
1293 3806 1408 3870 sedem

494 4034 502 4063 ¹
521 4036 669 4086 ‘Galerium
679 4033 695 4096 ς’
716 4030 802 4086 D’A.:
824 4037 920 4086 ‘Calo
982 4036 992 4069 ⁴
1010 4040 1132 4091 ‘Damme
1140 4037 1160 4106 3'
1170 4042 1218 4092 Ar.

457 4107 522 4155 sium
532 4101 546 4166 ς’
558 4107 597 4156 M.
609 4111 633 4154 et
643 4105 691 4156 Ar.
981 4140 1016 4172 Η
1043 4142 1183 4193 alearum„
1195 4145 1234 4195 Ar

492 4173 674 4225 ²‘Samartino
682 4171 699 4238 ;'
709 4177 747 4226 M.
1026 4159 1042 4206 g
1165 4183 1173 4206 ’
1236 4180 1242 4195 ·

494 4241 691 4307 ³‘destrueret,’
703 4247 753 4295 und
769 4249 795 4294 at
810 4246 852 4294 the
869 4247 919 4296 end
981 4243 992 4274 ⁶
1007 4249 1148 4309 ‘pauculas
1176 4264 1254 4298 naves
1282 4249 1385 4298 relictas
1394 4243 1409 4310 ;'

456 4315 485 4364 of
494 4316 535 4366 the
547 4321 663 4368 sentence
675 4317 826 4379 ‘impediret
833 4313 849 4378 ;'
861 4318 901 4367 M.
945 4316 992 4367 Ar.
