3226 5020
271 2733 403 2781 Martyrdom

270 2785 295 2822 of
305 2783 335 2822 St.
346 2783 409 2822 Peter

269 2833 413 2922 biduom·

431 445 498 512 240
790 459 864 506 ruo.
888 457 1036 505 rnrvnrr

432 619 553 683 statim
570 635 647 680 cum
666 623 741 680 tota
758 615 860 681 domo
882 635 947 680 sua
963 616 1162 698 baptizatus
1183 623 1248 682 est.
1302 615 1388 679 Erat

432 719 537 782 etiam
560 717 596 780 in
625 716 725 793 libro,
752 717 843 799 quod
869 723 1023 798 ternpore
1047 715 1270 793 Ferdinandi,
1295 715 1387 797 regis

434 817 610 894 Castellae,
626 816 713 881 liber
730 816 876 880 debebat
890 816 1047 880 inveniri.

466 1033 595 1070 natac.
701 1031 938 1068 anounrronuua.
975 997 981 1006 ¹
1036 1031 1191 1066 rnnuconuu
1226 1021 1382 1236 susionuu'

486 1118 572 1155 uccu.
628 1118 822 1155 runocnumrrv.
848 1119 974 1154 munstur
986 1119 1004 1156 1.
1031 1119 1195 1155 nonovrcrrx.
1224 1117 1377 1153 uunnrcrur.

720 1179 745 1224 9.
914 1179 939 1224 4.
1096 1181 1137 1225 25.
1283 1178 1324 1223 35.

483 1313 676 1378 Pnsroans
699 1315 735 1378 in
754 1315 913 1392 Francia,
937 1314 1132 1379 coadunata
1154 1313 1386 1391 multitudine,

431 1413 593 1478 dicebant
626 1433 663 1478 se
696 1415 855 1497 angelica
882 1414 1014 1478 visione
1046 1414 1207 1490 monitos,
1241 1420 1280 1477 ut
1310 1431 1389 1495 pro-

432 1512 666 1578 ficiscerentur
687 1515 722 1576 in
745 1515 889 1578 Terram
914 1514 1075 1578 Sanctam
1097 1522 1218 1577 contra
1244 1512 1387 1576 Sarace-

433 1632 497 1676 nos
523 1620 559 1677 et
580 1612 775 1677 incredulos
801 1615 1001 1696 pugnaturi.
1053 1614 1288 1676 Transeuntes
1309 1632 1388 1676 vero

434 1711 602 1790 Parisios,
629 1720 797 1777 venerunt
825 1713 1025 1792 Bituricas;
1057 1714 1117 1776 ubi
1149 1713 1292 1776 suborta
1319 1712 1389 1775 dis-

433 1810 552 1875 cordia
565 1831 641 1875 cum
658 1811 790 1876 civibus
806 1812 846 1877 fit
864 1813 1057 1889 conflictus,
1074 1819 1111 1876 et
1129 1812 1246 1875 multis
1264 1811 1386 1874 occisis

432 1910 557 1993 'reliqui
574 1904 845 1992 ¹disperguntur.
897 1911 987 1977 Abel
1004 1912 1179 1976 Dacorum
1200 1930 1276 1987 rex,
1291 1903 1387 1974 ²cum

436 2009 598 2074 Frisones
638 2011 825 2094 subjugare
865 2012 1044 2086 voluisset,
1081 2010 1284 2076 interfectus
1323 2016 1387 2074 est.

436 2109 629 2188 ConraduS,
654 2119 757 2194 capta
785 2111 948 2194 Neapoli,
978 2111 1053 2194 ejus
1085 2129 1202 2174 muros
1232 2109 1388 2174 funditus

435 2210 622 2288 destruxit,
640 2220 675 2276 et
693 2211 850 2276 similiter
865 2211 948 2276 fecit
963 2211 1005 2275 de
1021 2210 1144 2294 Capua
1157 2218 1192 2275 et
1207 2207 1358 2293 Aquino.

698 2429 719 2464 r.
732 2426 895 2462 nounnoaou
908 2427 933 2464 a.
1036 2426 1191 2462 rnnuooauu
1225 2427 1365 2462 ancnonuu

483 2515 576 2551 uccuu.
1225 2513 1327 2548 sanarer
1339 2513 1377 2549 ru.

707 2574 748 2619 10.
909 2575 933 2619 5.
1097 2575 1138 2620 26.
1282 2574 1323 2620 36.

480 2712 630 2776 Burrus
652 2710 777 2774 Petrus
797 2709 1010 2774 Veronensis
1033 2730 1077 2773 ex
1100 2709 1219 2773 ordine
1243 2709 1389 2774 fratrum

437 2810 721 2886 Praedicatorum‚
743 2809 982 2892 prosequendo
1000 2809 1257 2892 inquisitionem
1275 2811 1388 2891 pravi·

435 2910 519 2975 tatis
544 2909 715 2973 haereticae
741 2908 808 2972 sibi
833 2910 877 2972 ab
908 2909 1098 2992 apostolica
1129 2909 1210 2973 sede
1232 2909 1388 2973 commis-

434 3027 521 3086 sam,
545 3009 589 3072 ab
612 3009 765 3091 ipsorum
787 3008 1025 3072 haereticorum
1049 3009 1277 3084 credentibus
1299 3009 1389 3072 inter

433 3100 589 3185 ³Cumas,
609 3109 669 3171 ubi
692 3107 837 3172 fratrum
861 3127 1001 3172 suorum
1024 3109 1228 3190 priorarat,
1252 3116 1287 3172 et
1307 3108 1385 3172 Me·

434 3208 610 3272 diolanum
634 3208 768 3272 occisus
790 3207 957 3290 martyrio
980 3214 1174 3272 coronatur.
1228 3208 1272 3271 In
1288 3208 1388 3291 cujus

435 3308 705 3372 canonizationis
722 3308 858 3384 litteris
876 3326 954 3389 quae
972 3306 1090 3371 eodem
1112 3326 1204 3371 anno
1226 3306 1319 3370 facta
1335 3315 1388 3372 est

436 3406 585 3484 Perusii,
615 3414 764 3471 testatur
795 3426 887 3490 papa
919 3406 1141 3471 Innocentius
1172 3407 1286 3489 ipsum
1317 3407 1388 3471 fere

435 3525 543 3571 annos
567 3506 712 3589 triginta
737 3507 867 3571 vixisse
892 3507 929 3570 in
952 3505 1072 3570 ordine
1094 3505 1219 3570 fultum
1246 3513 1389 3571 caterva

435 3606 615 3684 virtutum,
629 3605 839 3688 virginitatis
856 3605 960 3670 etiam
983 3606 1100 3669 florem
1126 3606 1295 3671 illibatum
1317 3625 1389 3669 ser-

435 3725 549 3783 vasse,
575 3706 703 3770 nullius
733 3725 843 3789 usque
871 3705 1029 3769 mortalis
1058 3707 1209 3769 criminis
1236 3725 1389 3789 unquam

435 3807 585 3870 sensisse
602 3806 811 3888 contagium,
831 3825 971 3870 suorum
988 3806 1171 3886 probatum
1189 3806 1388 3870 testimonio

472 4029 479 4060 ¹
496 4024 715 4093 ‘disperduntur;'
727 4031 766 4079 M.
779 4035 802 4079 et
814 4029 862 4080 Ar.

470 4096 481 4126 ²
496 4101 569 4150 ‘cum
579 4101 701 4150 Fressone
709 4101 846 4162 subjugare
855 4115 896 4149 vo·
958 4097 969 4130 ¹
985 4101 1002 4150 i.
1012 4115 1034 4150 e.
1048 4097 1188 4164 ‘Comuun’
1200 4115 1260 4164 says
1272 4096 1390 4152 D’Ache-

434 4169 533 4229 luisset,
550 4185 566 4218 a
585 4170 731 4218 Frisonibus
751 4169 898 4220 interiectus
924 4172 986 4220 rius.
1023 4170 1112 4222 Gamo.

434 4244 473 4288 est
484 4234 497 4300 ;'
511 4239 548 4288 M.
557 4237 636 4288 etAr.
