3226 5020
428 476 494 542 280
786 491 856 540 ruo.
882 491 1031 538 rnrvnrr

429 650 527 726 dens,
550 655 649 712 tanto
672 648 794 732 majori
820 649 1003 713 devotione
1026 648 1118 730 apud
1142 648 1254 710 Duum
1279 646 1386 730 polle·
1457 694 1464 705 s

430 751 501 813 bat.
547 748 700 830 Singulis
731 767 880 831 namque
909 749 1030 811 diebus
1054 757 1125 812 tres
1152 747 1276 810 missas
1308 766 1384 810 oum

430 856 514 914 nota
541 848 660 912 audire
685 847 840 926 solebat3
875 855 911 911 et
938 849 1055 930 plures
1081 847 1200 910 audire
1230 846 1385 928 cupiens,

430 948 591 1030 privatim
613 947 865 1011 celebrantibus
887 948 1073 1011 assistebat
1090 946 1240 1010 assidue.
1294 945 1385 1010 Con·

430 1048 512 1129 tigit
527 1054 640 1110 autem
657 1047 844 1129 aliquando
860 1054 1017 1111 sanctum
1035 1046 1261 1122 Lodovicum,
1278 1046 1385 1110 Fran-

431 1167 549 1210 corum
580 1166 709 1228 regem,
743 1165 822 1209 cum
854 1166 895 1210 eo
927 1165 1031 1228 super
1060 1146 1125 1210 hoc
1153 1145 1385 1213 conferentem

432 1247 557 1323 dicere,
582 1246 683 1324 Quod
704 1265 773 1310 non
796 1265 931 1328 semper
949 1246 1062 1309 missis
1086 1246 1146 1310 sed
1170 1245 1385 1327 frequentius

269 1363 378 1403 mardoo
386 1361 410 1401 ο1
432 1347 647 1410 sermonibus
667 1345 847 1409 audiendis
872 1354 965 1409 esset
987 1346 1191 1410 vacandum.
1246 1344 1312 1409 Cui
1333 1344 1385 1408 fa·

269 1413 402 1512 sdffin
432 1453 510 1510 ceta
527 1446 723 1510 urbanitate
741 1446 963 1528 respondem,
981 1446 1042 1522 ait,
1065 1445 1110 1510 Se
1132 1445 1235 1508 malle
1258 1444 1386 1526 saepius

434 1547 580 1610 amicum
609 1565 709 1609 suum
736 1545 864 1622 videre,
896 1563 1001 1627 quam
1035 1545 1078 1610 de
1105 1564 1146 1608 eo
1177 1543 1388 1628 loquentem,

269 1660 336 1750 luga
300 1671 407 1711 ramen-
432 1645 514 1709 licet
527 1645 620 1709 bona
635 1644 818 1723 dicentem,
836 1645 965 1710 audire.
1007 1644 1094 1710 Erat
1109 1652 1225 1708 autern
1241 1650 1386 1708 staturae

269 1712 383 1802 'idam
433 1745 627 1822 mediocris,
652 1745 824 1826 compacti
844 1745 1010 1826 corporis,
1030 1744 1173 1810 alterius
1192 1743 1284 1809 oculi
1311 1742 1386 1824 pal-

433 1845 540 1925 pebra
550 1843 761 1918 demissiore,
770 1845 821 1908 ita
833 1850 873 1907 ut
888 1850 1021 1926 partem
1038 1842 1226 1926 nigredinis
1243 1842 1384 1925 pupillae

433 1935 593 2023 ¹celaret;
620 1944 781 2007 robustus
799 1943 943 2020 viribus
965 1944 1025 2008 sed
1049 1962 1203 2026 praeceps
1217 1944 1253 2006 in
1271 1942 1385 2019 factis,

431 2041 607 2124 inquibus
625 2050 753 2120 tamen,
775 2043 857 2126 quia
873 2043 1069 2107 fortunatos
1084 2049 1120 2106 et
1136 2042 1253 2107 felices
1270 2042 1385 2106 exitus

431 2141 603 2219 habuerit,
624 2149 750 2225 putant
771 2163 849 2206 eum
872 2142 973 2206 multi
992 2143 1083 2226 apud
1103 2142 1289 2207 Merlinum
1306 2140 1386 2205 fati-

431 2242 545 2306 dicum
571 2262 632 2326 per
658 2241 794 2324 lyncem
820 2243 1038 2324 designatum
1064 2243 1179 2307 omnia
1203 2250 1387 2325 penetran-

432 2349 512 2406 tem.

503 2488 689 2577 Eupliciwnt
699 2499 784 2578 ueste
798 2489 933 2556 Hauriat
946 2489 1023 2557 III.
1042 2489 1122 2578 royda
1136 2489 1319 2576 Anylormm

800 2721 809 2752 ¹
827 2723 953 2773 ‘celarent
960 2719 975 2784 ;'
986 2725 1025 2774 M.
