3170 5020
589 485 772 533 nnunnns.
1088 465 1155 530 383

201 641 344 706 cedente
377 642 412 705 S.
435 641 572 706 Joanne
599 642 642 706 de
673 641 875 718 Beverlaco,
901 641 1073 722 quondam
1097 647 1273 706 err-nassa·

201 741 419 825 chlepiscopo
456 742 677 818 Eboracensi,
718 742 842 806 Scotos
884 740 916 805 ei
947 742 1152 806 rebellantes
1165 706 1270 806 {313qu

202 841 351 906 devicit:
389 842 449 924 qui
479 843 611 924 gratias
640 841 721 904 Duo
750 842 873 906 devote
901 861 1009 922 agens
1037 843 1150 906 Duum

202 943 373 1019 exoravit,
400 949 521 1024 petens
549 949 588 1005 ut
610 942 863 1006 interveniente
887 943 988 1006 beato
1014 940 1152 1006 Joanne

202 1042 233 1104 ei
255 1041 393 1123 aliquod
417 1043 554 1123 signum
571 1042 712 1105 evidens
728 1041 977 1116 ostenderetur,
995 1050 1149 1124 quotam

202 1141 425 1206 succedentes
440 1160 542 1224 quam
563 1149 751 1224 praesentes
768 1160 976 1222 cognoscere
998 1152 1151 1223 possent,

203 1240 325 1304 Scotos
348 1241 428 1326 jure
457 1241 638 1324 subjugari
660 1261 769 1322 regno
790 1240 1010 1322 Anglorum;
1042 1249 1077 1305 et
1103 1243 1151 1305 vi-

202 1340 287 1404 dens
322 1340 489 1424 quosdam
521 1341 682 1423 scopulos
706 1341 814 1424 juxta
842 1340 1012 1423 quendam
1037 1340 1150 1405 locum

202 1439 245 1503 de
268 1441 415 1504 Dunbar
434 1441 471 1503 in
496 1440 615 1505 Scotia
638 1441 872 1523 praeeminere,
895 1447 1065 1504 extracto·
1080 1442 1151 1522 gla-

203 1539 259 1603 dio
291 1540 334 1604 de
365 1540 505 1622 vagina,
537 1541 707 1623 percussit
732 1541 767 1603 in
798 1541 941 1616 silicem,
971 1540 1031 1622 qui
1062 1541 1151 1623 lapis

203 1638 247 1702 ad
279 1639 384 1704 ictum
412 1639 530 1722 gladii,
554 1642 625 1705 Dur
654 1641 783 1705 virtute
808 1647 945 1722 agente,
968 1641 1019 1703 ita
1048 1659 1151 1704 cava-

202 1744 271 1816 tur,
302 1747 342 1803 ut
372 1759 532 1804 mensure
565 1741 676 1823 possit
704 1740 827 1822 [ulnae]
854 1740 1063 1821 longitudini
1092 1760 1150 1804 co·

204 1840 327 1921 aptari.
389 1840 435 1904 Et
461 1840 565 1923 hujus
590 1841 640 1904 rei
662 1840 830 1904 hactenus
851 1841 992 1904 evidens
1014 1841 1151 1922 signum

202 1947 359 2021 apparet,
381 1950 421 2004 ut
443 1941 478 2003 in
508 1940 750 2005 Beverlucensi
776 1939 922 2004 ecclesia
946 1941 982 2002 in
1004 1941 1151 2022 legenda

203 2040 296 2102 beati
328 2038 488 2115 Joannis,
512 2034 675 2122 ¹singulis
702 2039 973 2103 hebdomadibus
1001 2060 1063 2122 per
1089 2060 1151 2104 an-

204 2157 299 2214 num,
329 2138 373 2201 ud
405 2138 540 2202 laudem
580 2149 615 2203 et
646 2139 810 2202 honorem
840 2139 876 2202 S.
909 2137 1057 2202 Joannis
1089 2160 1151 2222 pro

204 2237 370 2301 miraculo
397 2238 583 2317 recitetur;
623 2248 658 2302 et
689 2238 732 2302 de
763 2238 828 2302 boc
862 2245 981 2302 exstat
1009 2239 1152 2303 celebris

203 2337 369 2400 memoria
387 2344 460 2401 tam
484 2338 520 2401 in
544 2337 686 2419 Anglia,
707 2357 810 2419 quam
831 2339 866 2400 in
890 2337 1019 2413 Scotia,
1042 2358 1152 2420 usque

203 2437 238 2498 in
272 2436 360 2500 diem
404 2444 621 2518 praesentem.
674 2436 777 2513 Item,
812 2437 1060 2501 Constantinus
1089 2457 1152 2502 rex

204 2535 398 2613 Scotorum,
414 2544 450 2601 et
466 2537 644 2619 Eugenius
659 2555 721 2600 rex
739 2535 980 2614 Cumbrorum,
997 2537 1039 2601 ad
1063 2557 1149 2619 prae·

203 2634 332 2699 dictum
353 2655 468 2718 regem
489 2635 626 2718 Angliae
645 2634 885 2714 Adelstanum,
904 2644 985 2718 post
1001 2637 1152 2719 aliquam

205 2735 451 2800 dissentionem
486 2737 577 2800 inter
608 2755 667 2799 eos
696 2736 862 2814 habitam,
893 2737 1080 2815 venientes,
1115 2759 1153 2802 se

203 2854 280 2898 cum
311 2836 427 2917 regnis
468 2836 542 2899 suis
571 2836 680 2899 eidem
704 2830 906 2914 ²dedidere3
935 2837 1036 2920 cujus
1069 2838 1151 2902 facti

204 2935 319 3016 gratia
350 2936 459 2999 filium
494 2935 714 3001 Constantini
748 2938 823 3019 ipse
864 2935 1078 3002 Adelstauus
1109 2938 1152 3001 de

203 3053 303 3099 sacro
332 3035 426 3099 sonte
456 3037 618 3119 suscepit.
675 3035 765 3101 Item
795 3035 943 3112 Edredo,
974 3038 1048 3118 regi
1077 3035 1152 3100 An-

203 3134 295 3216 gliae,
320 3133 415 3200 Scoti
441 3136 516 3199 sine
538 3137 628 3200 bello
650 3155 687 3199 se
713 3137 959 3215 subdiderunt3
986 3143 1021 3200 et
1043 3138 1152 3202 eidem

204 3234 278 3314 regi
300 3233 448 3310 Edredo,
474 3242 643 3318 tunquam
665 3234 815 3314 domino,
839 3235 1038 3299 fidelitatem
1057 3237 1153 3320 jura-

203 3340 335 3397 verunt.

256 3433 384 3509 ‘Item,
401 3452 478 3496 cum
500 3433 660 3516 Edgarus
683 3453 745 3497 rex
768 3432 907 3515 Angliae
929 3453 1045 3515 regem
1068 3435 1151 3501 Sco-

203 3540 316 3596 torum
352 3531 552 3610 Kinadium,
588 3541 625 3598 et
656 3533 883 3598 Cumbrorum
916 3534 1152 3612 Malcolmum,

203 3652 371 3715 regesque
394 3633 617 3715 plurimarum
639 3634 842 3710 insularum,
874 3633 1029 3716 aliosque
1054 3636 1153 3718 quin-

203 3751 271 3814 que
297 3733 436 3814 regulos
460 3734 692 3817 subjugasset,
724 3741 759 3797 et
781 3733 981 3816 remigando
1007 3755 1068 3817 per
1090 3735 1153 3798 flu-

203 3833 296 3895 vium
324 3825 383 3896 ³de
414 3833 492 3896 Hee
522 3835 557 3896 in
584 3834 734 3916 quadam
767 3834 849 3898 navi
878 3853 984 3916 prope
1015 3854 1152 3916 proram

202 3933 360 4010 sedisset,
389 3932 499 3996 fertur
515 3933 628 4015 ipsum
660 3933 802 4008 dixisse,
826 3933 1049 3997 Successores
1072 3953 1154 3998 suos

239 4141 247 4173 ¹
264 4144 355 4206 ‘quusi
367 4143 474 4206 singulis
485 4139 502 4204 ;'
522 4145 561 4193 M.
727 4142 738 4175 ³
755 4145 790 4193 ‘i.
800 4159 824 4193 e.
836 4139 909 4206 Dee,‘
921 4158 981 4205 says
993 4145 1065 4195 Hall.
1100 4146 1128 4195 Is
1137 4147 1157 4194 it

238 4209 459 4274 ²‘Athelsun0;’
479 4214 563 4263 added
577 4214 604 4262 in
619 4213 667 4264 Ar.
693 4219 736 4262 not
753 4214 838 4263 rather
853 4215 902 4264 ‘de
918 4209 980 4276 Hy,'
997 4215 1047 4264 i.e.
1066 4216 1157 4265 Icolm·

204 4287 262 4332 22⁰.
692 4284 878 4346 kill‚0r10nut
