3252 5026
615 526 798 574 innuens.
1125 510 1189 575 187

231 684 406 760 accedere,
429 703 470 748 ao
492 682 599 747 libere
621 684 658 748 in
680 683 838 750 omnihus
861 684 960 767 fungi
982 685 1049 748 sibi
1072 685 1190 750 debita

230 785 412 866 dignitate.
465 783 618 866 Cupiens
635 785 740 848 etiam
764 791 887 849 contra
908 786 1024 850 hostes
1042 793 1115 850 tam
1131 785 1190 850 do-
1203 809 1295 848 orento

233 886 394 950 mesticos
429 903 533 967 quam
569 890 754 950 extraneos
789 886 1025 950 ecclesiastica
1054 893 1189 968 protec-
1203 861 1337 957 t'diihc

232 985 327 1049 tione
353 985 491 1062 muniri,
514 993 721 1067 procurante
746 984 965 1069 Pandulpho,
988 987 1189 1069 apostolicae
1205 961 1310 1010 ‘ww'

233 1085 324 1150 sedis
358 1085 487 1167 legato,
526 1093 638 1150 totum
673 1105 818 1167 regnum
850 1105 951 1150 sunm
981 1085 1120 1168 Angliac
1154 1094 1190 1151 et

235 1186 416 1251 Hiberniae
440 1186 521 1250 nro
543 1192 579 1250 et
595 1186 698 1250 beato
722 1185 828 1250 Petro
851 1187 1023 1270 apostolo,
1044 1187 1190 1271 ejusque

234 1286 364 1350 vicario
381 1284 564 1352 Catholico
580 1285 784 1353 Innocentio
801 1305 902 1369 papae
922 1288 1036 1364 tertio,
1053 1306 1189 1351 succes·

235 1386 440 1469 soribusque
468 1385 671 1463 Catholicis,
701 1387 738 1450 in
767 1387 1004 1452 remissionem
1029 1392 1189 1469 peccato·

235 1505 310 1549 rum
326 1487 661 1568 suorumtotiusque
677 1488 812 1568 generis
835 1488 901 1564 sui,
923 1487 960 1550 in
982 1485 1075 1550 mille
1098 1505 1190 1551 mar·

235 1585 298 1663 ciS,
334 1586 465 1652 scilieet
501 1606 565 1669 pro
606 1586 736 1668 Anglia
775 1587 1018 1669 septingentis,
1055 1595 1091 1651 et
1127 1607 1190 1669 pro

236 1684 407 1750 Hibernia
429 1687 592 1751 trecentis
618 1688 799 1751 constituit
819 1687 991 1763 censuale,
1018 1705 1191 1770 superque

235 1785 300 1849 hoc
328 1785 484 1850 chartam
509 1805 608 1851 suam
634 1785 715 1852 fecit
742 1780 991 1870 ¹suhscriptum
1013 1787 1190 1852 continen-

237 1893 307 1952 tem
325 1893 500 1951 tenorem:

288 1985 337 2050 ‘J
340 2005 469 2052 oannes
499 1987 571 2052 Dnr
607 1987 721 2069 gratia
752 2007 816 2052 rex
850 1985 1000 2068 Angliae,
1031 1986 1190 2051 dominus
1204 2013 1317 2054 narare

238 2084 429 2164 Hiberniae,
452 2086 524 2151 dux
546 2087 772 2152 Normanniee
793 2094 829 2151 et
845 2086 1058 2169 Aquitaniae,
1075 2107 1190 2152 comes
1204 2069 1355 2155 illicitum.

236 2185 464 2269 Andegaviae,
479 2187 637 2252 omnibus
651 2195 782 2252 sanctae
796 2189 916 2251 matris
933 2188 1087 2252 ecclesiae
1098 2188 1190 2265 filiis,

237 2286 281 2349 ad
303 2306 391 2369 quos
422 2307 574 2370 praesens
602 2289 767 2370 scriptum
793 2288 1001 2370 pervenerit,
1029 2287 1189 2352 salutem.

190 2445 192 2452 ,
239 2386 468 2452 Universitati
494 2396 619 2452 vestrae
647 2395 764 2452 notum
793 2388 867 2450 ficri
897 2387 1067 2465 volumus,
1095 2387 1188 2470 quod

237 2506 314 2550 cum
341 2488 455 2552 Dsurr
484 2495 519 2552 et
543 2495 687 2552 matrem
720 2495 873 2552 nostram
901 2494 1056 2551 sanctam
1082 2488 1192 2552 eccle-

238 2587 325 2652 siam
342 2587 377 2651 in
395 2589 514 2652 multis
536 2587 790 2666 offenderimus,
814 2594 849 2651 et
864 2595 1006 2671 propter
1026 2587 1092 2652 hoc
1112 2588 1190 2670 plu·

238 2687 362 2750 rimum
395 2687 550 2770 indigere
579 2689 698 2753 divina
730 2687 963 2753 misericordia
996 2707 1190 2766 noscamur,

239 2807 302 2851 neo
317 2787 399 2869 quid
415 2788 518 2870 digne
538 2788 659 2856 offerre
679 2789 850 2871 possimus
872 2808 934 2871 pro
954 2787 1191 2852 satisfactione

239 2887 319 2951 Deo
341 2895 377 2951 et
400 2889 556 2954 ecclesiae
582 2889 699 2954 debita
721 2888 889 2966 facienda,
914 2888 978 2952 nisi
1005 2908 1069 2952 nos
1097 2889 1191 2972 ipsos

238 2987 427 3052 habeamus
443 2995 479 3052 et
494 3009 601 3072 regna
616 2996 747 3066 nostra,
764 2989 920 3054 volentes
938 2989 1111 3053 humiliari
1128 3009 1191 3072 pro
1275 3025 1281 3038 ·

240 3088 309 3153 Illo
330 3089 390 3171 qui
411 3109 449 3153 se
471 3089 666 3154 humiliavit
688 3109 751 3171 pro
774 3090 873 3153 nohis
899 3108 1010 3172 usque
1036 3088 1080 3153 ad
1102 3109 1192 3153 mor-

239 3197 319 3266 tem,
350 3191 464 3271 gratia
493 3190 643 3272 Spiritus
673 3189 794 3254 Sancti
823 3189 1025 3270 inspirante,
1058 3209 1126 3253 non
1156 3190 1191 3255 vi

238 3289 370 3353 inducti
387 3289 443 3355 vel
461 3290 583 3354 timore
605 3290 729 3366 coacti,
750 3288 811 3352 sed
835 3295 954 3353 nostra
972 3290 1063 3352 bona
1086 3309 1191 3371 spon·

238 3394 410 3472 taneaque
427 3390 619 3468 voluntate,
640 3390 684 3454 ad
706 3389 873 3472 optimum
892 3389 1072 3452 consilium
1090 3391 1190 3453 baro-

239 3507 321 3553 num
348 3497 555 3567 nostrorum,
579 3489 752 3554 offerimus
780 3496 817 3551 et
844 3489 949 3553 libere
973 3489 1191 3553 concedimus

239 3588 320 3652 Deo
343 3597 379 3654 et
395 3590 526 3654 sanctis
550 3591 718 3674 apostolis
740 3589 812 3654 suis
836 3587 943 3652 Petro
964 3596 1000 3651 et
1016 3587 1140 3665 Paulo,
1157 3597 1192 3653 et

238 3695 368 3754 sanctae
398 3690 567 3755 Romanae
588 3691 742 3755 ecclesiae
770 3689 874 3753 matri
901 3695 1041 3766 nostrae,
1068 3708 1109 3752 ac
1131 3689 1192 3752 do-

240 3790 332 3852 mino
348 3797 467 3855 nostro
482 3810 583 3873 papae
601 3789 818 3866 Innocentio,
840 3789 985 3873 ejusque
1003 3788 1192 3854 Catholicis

238 3890 505 3968 successoribus,
531 3884 661 3955 ²totum
691 3909 836 3972 regnum
855 3888 994 3971 Angliae
1021 3896 1056 3952 et
1080 3896 1190 3953 totum

277 4060 491 4126 ¹‘subscriptum
512 4071 623 4116 tenorem
645 4082 703 4117 con·
763 4064 889 4116 '‘totum
920 4082 1026 4130 regnum
1058 4067 1193 4130 Angliae3’

238 4135 385 4195 tinentem;’
402 4135 442 4184 M.
457 4140 481 4184 et
493 4136 554 4186 Aru:
572 4153 605 4186 an
622 4138 703 4186 inver-
728 4137 832 4186 omitted
851 4138 877 4186 in
897 4139 947 4200 M„
968 4139 1016 4187 but
1036 4138 1147 4188 inserted
1166 4139 1192 4186 in

240 4205 294 4253 sion
302 4219 363 4266 very
375 4220 487 4255 common
495 4207 522 4254 in
533 4207 604 4256 these
617 4207 704 4267 MSS,
730 4207 772 4256 the
783 4208 882 4270 margin
893 4209 922 4257 of
930 4207 977 4259 Ar.

239 4275 284 4323 but
302 4275 386 4325 which
406 4291 447 4326 we
469 4276 533 4327 have
555 4279 602 4327 but
620 4277 703 4338 rarely

238 4345 347 4393 noticed.
