3252 5026
448 447 514 512 226
807 460 881 506 nic.
905 458 1051 506 rnrvnri

450 617 653 682 Theobaldo
668 616 854 698 plurimum
873 615 1079 691 desolatum,
1093 615 1153 696 qui
1175 615 1284 679 statui
1300 622 1401 680 terrae

452 717 637 801 plurimum
676 717 902 799 compatiens,
934 733 1013 778 cum
1047 714 1228 777 Saracenis
1260 725 1401 796 treugas

451 817 540 894 iniit,
554 816 773 893 Christianis,
789 815 849 898 qui
863 814 992 896 captivi
1010 814 1228 889 tenebantur,
1242 816 1401 880 omnibus

451 918 617 983 liberatis
694 916 819 981 Comes
856 907 1009 978 ¹Cantiae
1044 912 1237 991 Hubertus,
1268 915 1402 999 judicio

452 1024 573 1081 contra
596 1037 674 1081 eum
696 1016 914 1098 procedente,
932 1020 1083 1108 quatuor
1101 1021 1227 1088 castra,
1243 1014 1403 1081 videlicet

453 1116 623 1180 Blancum
660 1124 824 1190 castrum,
867 1112 1138 1189 Grosmundum,
1176 1106 1402 1182 ²Chenefreth

452 1224 558 1299 atque
576 1215 754 1293 Hatfelde,
769 1215 873 1297 regiae
893 1213 1119 1277 dominationi
1135 1213 1272 1295 cogitur
1292 1217 1402 1298 resig-

450 1335 545 1380 nare.
623 1316 742 1379 Simon
780 1315 823 1378 de
856 1313 1087 1389 Monte-forti,
1120 1312 1212 1376 filius
1251 1315 1400 1381 Simonis

450 1415 598 1492 comitis,
612 1415 713 1499 cujus
727 1435 834 1496 supra
848 1412 991 1478 fecimus
1008 1413 1228 1489 mentionem,
1245 1417 1400 1496 reginam

452 1517 631 1593 Blancam,
654 1515 747 1596 regis
772 1515 984 1578 Francorum
1006 1519 1162 1588 matrem,
1189 1513 1254 1578 sibi
1278 1516 1401 1580 timens

451 1615 629 1692 offensam,
647 1615 783 1696 aufugit
793 1615 828 1677 in
846 1613 1024 1695 Angliam,
1040 1612 1099 1675 ubi
1115 1614 1267 1693 gratiose
1282 1635 1400 1698 recep·

451 1721 508 1779 tus
531 1735 553 1778 a
576 1734 670 1796 rege,
698 1714 896 1778 Leicestriae
923 1713 1072 1776 obtinuit
1094 1712 1296 1777 comitatum
1321 1735 1400 1779 cum

451 1814 655 1878 senescallia
670 1811 828 1895 Angliae3
858 1821 893 1876 et
908 1813 1000 1893 regis
1026 1807 1286 1895 sororem,'quae
1304 1815 1400 1897 prius

451 1915 648 1978 castitatem
683 1913 820 1995 publice
856 1918 1001 1976 voverat
1030 1913 1066 1974 in
1102 1930 1205 1974 manu
1236 1914 1399 1996 episcopi,

453 2033 596 2077 uxorem
621 2014 765 2095 accepit.
819 2011 890 2091 Qui
913 2012 1017 2076 etiam
1042 2017 1164 2094 postea
1190 2015 1400 2079 senescallus

451 2112 637 2177 Vaseoniae
660 2113 782 2188 factrrs,
805 2132 920 2193 regem
943 2110 1082 2194 Angliae
1106 2110 1254 2188 induxit,
1278 2121 1317 2177 ut
1333 2121 1402 2178 ter-

450 2233 523 2276 ram
547 2213 763 2291 Basolorum,
782 2212 881 2297 cujus
908 2219 1014 2293 caput
1033 2219 1087 2275 est
1103 2210 1225 2275 civitas
1248 2206 1401 2277 ³Baiona

451 2320 486 2377 et
510 2313 592 2378 olim
617 2333 759 2394 regnum
787 2313 912 2389 fuerat,
942 2319 1202 2393 recognosceret
1228 2312 1270 2376 de
1299 2314 1400 2379 feodo

452 2414 544 2495 regis
578 2413 745 2488 Franciae,
777 2421 817 2476 ut
842 2413 892 2476 sic
920 2411 1012 2492 regis
1041 2409 1203 2474 Castellae
1230 2413 1401 2478 actionem

453 2513 665 2588 excluderet,
696 2513 756 2595 qui
783 2519 911 2576 terram
942 2511 1038 2574 illam
1068 2511 1111 2574 ad
1138 2509 1276 2576 feodum
1305 2515 1403 2596 regni

457 2613 637 2694 Hispaniae
653 2612 799 2675 asseruit
818 2612 1000 2693 pertinere.

606 2829 612 2843 ι
712 2808 734 2843 Ρ.
747 2808 909 2842 ROMANORUM
923 2808 947 2844 lt.
1055 2809 1207 2846 FRANCORUM
1244 2813 1382 2848 suotosott

850 2894 982 2929 renonum
993 2896 1021 2931 11.
1055 2898 1169 2934 iooovrcr
1182 2899 1216 2934 rx.
1240 2899 1344 2935 saunier
1356 2900 1394 2936 111.

718 2954 757 2998 ll.
916 2955 957 3000 29.
1112 2959 1151 3004 14.
1295 2960 1335 3006 24.

290 3123 440 3172 raumara
505 3091 743 3156 Fannnnrcus
762 3093 961 3175 imperator,
991 3095 1185 3179 Romipetis
1202 3120 1333 3182 ponens
1350 3101 1401 3164 in-

288 3180 408 3273 dm?
452 3189 570 3265 sidias,
614 3192 637 3255 J
640 3195 785 3257 acobum
828 3192 1080 3259 Praenestinum
1121 3199 1319 3283 episcopum
1359 3201 1401 3264 de

454 3291 602 3356 Francia
632 3299 667 3356 et
699 3292 872 3357 Othonem
905 3294 1088 3360 diaconum
1119 3297 1328 3364 cardinalem
1358 3302 1401 3365 de

451 3390 582 3474 Anglia
612 3392 654 3455 ad
683 3394 815 3456 curiam
845 3401 1056 3459 revertentes
1081 3399 1159 3480 capi
1183 3397 1275 3478 fecit,
1301 3408 1336 3464 et
1363 3402 1399 3464 in

451 3492 609 3556 custodia
631 3492 786 3556 detineri.
839 3492 1029 3575 Gregorius
1054 3517 1157 3580 papa,
1183 3519 1261 3566 eum
1286 3502 1400 3565 conci-

450 3590 533 3654 lium
548 3599 664 3656 tenere
689 3593 866 3669 voluisset,
890 3595 1001 3676 captis
1026 3616 1089 3677 per
1110 3597 1265 3663 diversas
1282 3607 1400 3682 partes

449 3691 603 3772 praelatis
621 3693 664 3756 ab
688 3694 906 3776 imperatoris
927 3693 1131 3774 fautoribus
1150 3717 1171 3761 a
1188 3718 1252 3762 suo
1274 3720 1400 3782 propo-

449 3791 517 3854 sito
543 3792 739 3874 impeditur.
793 3792 891 3856 Inter
909 3813 987 3878 quae
1013 3796 1116 3874 mala,
1142 3798 1184 3860 ad
1208 3806 1399 3863 extremam

448 3888 568 3953 horam
604 3892 756 3968 veniens,
785 3893 820 3955 in
852 3893 1002 3958 Domino
1040 3896 1257 3962 obdormivit.
1326 3899 1399 3964 Iste

448 3988 651 4070 Gregorius,
685 4011 763 4054 cum
795 3991 981 4074 aliquando
1014 3996 1058 4058 ab
1089 3997 1308 4079 imperatore,
1340 4001 1400 4083 qui

479 4178 487 4210 ¹
508 4188 515 4209 ⁸
526 4183 628 4232 Kantiae
636 4179 652 4242 3'
666 4185 725 4234 Cod.
739 4186 803 4247 Rrg.
969 4185 980 4219 ⁸
996 4189 1115 4240 ‘Barona
1124 4185 1139 4250 ;’
1150 4191 1189 4240 M.
1200 4196 1225 4240 ct
1236 4191 1283 4242 Ar.

480 4248 490 4278 ²
506 4252 652 4303 ‘Senefrelli
662 4249 677 4314 ς’
689 4255 726 4302 Μ.
739 4255 817 4306 etAr.
