3204 5028
595 551 781 601 ansanus.
1123 539 1168 604 85

209 705 284 769 lum
302 713 337 770 et
358 706 518 771 licentius
542 709 704 787 evaserit,
731 710 933 792 periculum,
958 712 1049 794 quod
1078 713 1292 843 interffpffi.

207 824 380 887 pauperes
399 825 491 869 nunc
506 816 675 885 versatur,
699 810 827 874 nostris
850 812 886 874 in
910 812 1069 892 proximo
1090 832 1164 877 cer·
1177 841 1325 892 omissus·

210 905 346 968 vicibus
362 904 564 971 imminebit.
606 907 762 971 Ecclesia
774 909 1048 992 jurisdictionem
1066 931 1165 975 suam
1176 893 1246 933 ΜΨ·

211 1004 310 1084 prius
327 1011 500 1082 exerceat,
517 1005 596 1069 etsi
616 1006 678 1069 illa
699 1027 769 1071 non
793 1006 932 1085 sufficit,
949 1009 1025 1093 ejus
1041 1011 1165 1094 imper-

209 1101 339 1165 fectum
367 1104 528 1186 suppleat
555 1104 692 1186 gladius
721 1106 908 1171 saecularis.
966 1108 1086 1192 Hujus
1115 1109 1165 1176 rei

211 1202 403 1266 auctoritas
424 1222 469 1266 ex
496 1202 630 1285 synodo
655 1205 790 1269 Urbani
813 1225 928 1290 papae,
954 1226 998 1270 ex
1026 1207 1164 1272 decreto

212 1299 389 1382 Gregorii,
409 1320 455 1364 ex
476 1302 623 1384 epistola
648 1301 811 1368 Nicholai
834 1306 1004 1388 episcopis
1029 1304 1164 1370 Gallia-
1198 1337 1201 1343 ·

211 1419 302 1476 rum,
321 1393 381 1462 ¹eu
398 1399 543 1464 concilio
561 1401 664 1465 etiam
681 1402 826 1467 Martini
841 1423 956 1487 papae,
969 1411 1004 1468 et
1020 1423 1064 1468 ex
1081 1424 1164 1469 con·

210 1497 291 1562 cilio
306 1496 572 1580 Carthaginensi
590 1501 705 1578 tertio,
720 1509 755 1565 et
770 1522 816 1566 ex
832 1502 950 1566 multis
966 1511 1163 1568 sanctorum

210 1605 351 1679 patrum
378 1599 651 1663 institutionibus
675 1602 862 1666 emanavit.
915 1601 991 1666 Nec
1017 1601 1163 1681 dicatur,

211 1696 305 1779 quod
324 1697 447 1778 aliquis
463 1697 516 1760 bis
531 1699 696 1781 puniatur
710 1707 851 1782 propter
866 1699 932 1763 hoc
948 1701 983 1764 in
1001 1700 1162 1785 idipsum,
1243 1727 1247 1733 ·

210 1815 275 1859 neo
294 1796 383 1859 enim
401 1795 563 1860 iteratum
580 1804 646 1874 est,
670 1798 763 1880 quod
780 1799 825 1862 ab
849 1810 927 1863 uno'
938 1800 1113 1883 incipitur,
1128 1810 1164 1867 et

210 1897 255 1958 ab
282 1895 392 1959 altero
422 1904 688 1960 consummatur.
742 1897 824 1962 Duo
846 1904 928 1962 sunt
955 1899 1075 1980 gladii,
1101 1902 1163 1984 qui

210 2002 368 2058 mutuum
395 2013 417 2058 a
438 2013 476 2058 se
496 1995 693 2060 mendicant
715 1996 897 2075 auxilium,
919 2005 1024 2081 atque
1040 1999 1085 2062 ad
1110 2000 1163 2062 in·

208 2094 322 2158 vicem
344 2094 410 2157 sibi
431 2094 524 2157 vires
545 2094 790 2177 impertiuntur
812 2095 977 2175 alternas,
1002 2097 1163 2162 sacerdo·

209 2193 298 2257 tium
314 2193 451 2276 regibus
466 2200 501 2257 et
515 2193 751 2259 sacerdotibus
768 2213 923 2276 regnum.
957 2196 1057 2260 Unde
1073 2197 1103 2259 si
1118 2198 1163 2260 ab

209 2292 322 2356 altero
343 2292 526 2374 suppletur
547 2292 689 2356 alterius
711 2293 964 2370 insufficientia,
985 2315 1055 2358 non
1071 2295 1163 2359 vide·

210 2399 271 2455 tur
284 2391 413 2474 duplex
433 2391 594 2455 contritio
611 2398 646 2456 et
663 2392 796 2475 punitio
810 2393 1017 2457 combinata.
1069 2392 1162 2458 Nam

208 2499 246 2554 et
268 2491 320 2554 illi
349 2491 410 2573 qui
442 2490 486 2554 ad
517 2491 638 2554 mortis
665 2492 859 2573 patibulum
887 2499 968 2556 sunt
994 2492 1163 2570 damnati,

203 2590 313 2674 juxta
330 2589 596 2672 Magontinense
614 2590 808 2667 concilium,
826 2598 1010 2674 autequam
1027 2592 1072 2655 ad
1089 2599 1162 2656 tor·

7 2669 9 2752 Ι
207 2695 327 2753 menta
341 2688 523 2766 ducantur,
541 2708 603 2771 per
617 2689 731 2754 cordis
744 2690 983 2755 contritionem
1002 2698 1036 2756 et
1051 2693 1162 2773 poeni-

7 2779 9 2794 ⁴
206 2788 352 2853 tentiam
376 2787 601 2870 spiritualiter
623 2789 823 2871 puniuntur,
846 2809 909 2853 nec
923 2789 1161 2875 duplicitatem

207 2888 426 2952 contritionis
449 2887 604 2968 inducit3
631 2887 691 2952 sed
708 2888 866 2970 quaedam
883 2891 1091 2974 praeparatio
1109 2897 1162 2954 est

207 2987 253 3050 ad
269 2994 415 3051 mortem
428 2979 662 3068 ²poenitentia,
678 2994 713 3052 et
726 2987 963 3052 satisfactione
980 3008 1057 3070 quae
1073 3007 1162 3072 prae-

207 3086 313 3151 cedit.
358 3085 580 3150 ‘Reddentes
602 3087 710 3168 igitur
732 3087 812 3151 Dao
828 3105 911 3174 quae¹
923 3087 995 3151 Dm
1014 3095 1107 3161 sunt,
1125 3095 1161 3151 et
1251 3157 1254 3164 ,

207 3205 287 3267 quae
311 3185 461 3249 Caesaris
487 3179 660 3262 Caesari,'⁸
678 3185 786 3269 juxta
806 3185 1008 3269 petitionem
1030 3186 1160 3250 domini

206 3285 313 3367 regis
343 3285 375 3348 ei
403 3290 579 3348 tantorum
605 3283 795 3349 vindictam
824 3303 1029 3348 excessuum
1056 3285 1159 3348 relin·
1216 3318 1219 3324 ,

205 3403 365 3468 quamus.
419 3383 504 3448 Reis
521 3389 635 3448 autem
659 3383 695 3447 in
718 3383 840 3448 mortis
862 3383 1009 3447 articulo
1031 3383 1160 3448 consti·

206 3484 306 3560 tutis,
321 3483 404 3566 quia
420 3482 627 3546 sententiam
644 3481 707 3545 lati
725 3482 868 3546 canonis
884 3482 1112 3558 incurrerunt,
1128 3481 1160 3545 si

206 3582 460 3646 absolutionem
482 3580 747 3664 postulaverint,
770 3587 805 3644 et
820 3580 856 3644 in
877 3580 944 3644 hoc
959 3581 1045 3646 etin
1068 3580 1159 3659 aliis,

202 3687 376 3765 quantum
392 3698 576 3764 possumus
592 3680 667 3744 sine
682 3679 847 3750 scandalo
865 3687 900 3743 et
914 3680 989 3744 sine
1006 3680 1159 3762 periculo

206 3780 374 3858 ecclesiae,
411 3778 636 3862 humanitatis
672 3778 852 3842 consilium
895 3778 1159 3842 misericorditer

205 3879 458 3962 impendamus.
511 3876 655 3942 Publice
671 3896 821 3960 namque
840 3877 994 3952 interest,
1012 3882 1051 3938 ut
1068 3867 1159 3938 4ma-

206 3979 321 4043 teriali
337 3977 455 4060 gladio
472 3971 708 4053 cohibeantur,
723 3978 783 4058 qui
807 3995 869 4041 neo
892 3975 1005 4039 Deum
1023 3974 1158 4051 timent,

242 4177 330 4228 ¹This
352 4180 439 4230 clause
465 4181 489 4228 is
514 4179 619 4229 omitted
644 4179 671 4228 in
731 4176 785 4230 ³8.
798 4178 892 4229 Mettb.
904 4195 968 4230 xxn
980 4183 1022 4230 21.

199 4244 277 4350 ’1)ᾉῖ
285 4318 382 4382 praevia
394 4314 567 4382 poenitentias
586 4315 653 4368 ΠΛ.
733 4315 742 4344 ⁴
758 4316 884 4366 ‘naturali
893 4312 908 4378 ς’
922 4315 991 4366 D’A.
