3252 5026
440 494 506 565 176
806 511 879 560 uro.
896 511 1043 558 rarvurr

279 687 416 728 semmua
436 669 544 754 juxta
562 675 677 733 status
694 667 748 732 sui
766 668 957 732 decentiam
979 668 1158 744 comitatu,
1183 668 1288 732 etiam
1311 669 1397 732 bea-

278 739 408 836 lime?
441 777 514 834 tum
532 768 761 845 Dominicum,
776 768 929 835 ecclesiae
943 787 1016 831 suae
1033 767 1258 850 subpriorem,
1278 787 1395 832 secum

441 869 615 933 adducens
638 868 877 952 proficiscitur.
930 867 1017 931 (lum
1041 875 1157 931 autem
1179 869 1396 950 pervenisset

442 969 640 1045 Tholosam,
667 969 786 1033 eadem
811 973 911 1031 nocte
940 968 1072 1051 quain
1106 967 1183 1049 ipsa
1210 969 1294 1031 urbe
1319 988 1397 1032 sus-

441 1075 562 1151 ceptus
596 1076 662 1148 est,
694 1068 816 1132 beatus
849 1066 1050 1131 Dominicus
1088 1067 1258 1148 hospitem
1295 1088 1395 1132 suum

445 1169 645 1232 haereticum
685 1175 754 1232 tam
788 1166 918 1231 affabili
957 1167 1180 1249 persuasione
1219 1167 1396 1251 dejiciens,

442 1287 547 1350 quam
576 1265 806 1350 irrefragabili
831 1266 1005 1331 rationum
1036 1267 1251 1331 connexione
1276 1267 1397 1331 devin-

443 1388 537 1445 cens,
567 1368 610 1433 ad
641 1367 742 1431 fidem
771 1365 987 1430 Catholicam
1011 1366 1083 1429 Dur
1115 1366 1245 1449 Spiritu
1273 1387 1395 1450 coope-

443 1476 542 1538 rante
568 1469 749 1535 convertit.
803 1466 957 1530 Didacus
980 1466 1098 1548 itaque
1121 1468 1316 1550 episcopuS,
1336 1488 1395 1532 ex-

443 1568 560 1651 pedito
586 1569 709 1631 nuntio
734 1586 797 1649 pro
831 1585 900 1648 quo
932 1573 1087 1643 venerat,
1117 1567 1154 1630 in
1185 1567 1395 1651 Hispaniam

443 1687 614 1743 reversus,
635 1668 829 1749 iterumque
857 1666 1019 1729 remissus
1046 1667 1176 1729 curiam
1202 1666 1395 1732 Romanam

444 1767 565 1831 adivit.
618 1767 761 1830 Interim
780 1786 802 1830 a
824 1766 962 1829 domino
984 1786 1076 1848 papa
1091 1766 1294 1831 Innocentio
1310 1768 1395 1831 duo-

444 1867 554 1930 decim
590 1868 733 1930 abbates
772 1866 1010 1930 Cisterciensis
1043 1866 1182 1940 ordinis,
1215 1886 1293 1930 cum
1328 1887 1398 1931 uno

445 1967 645 2049 apostolicae
669 1966 759 2030 sedis
775 1965 910 2047 legato,
929 1965 965 2027 in
991 1971 1118 2030 terram
1143 1965 1398 2047 Albigeusium,

445 2086 508 2148 pro
530 2066 750 2149 praedicanda
777 2074 899 2130 contra
925 2065 1106 2129 haereticos
1128 2066 1195 2130 fide
1217 2067 1397 2134 Catholica

282 2178 389 2268 whgrcehhe
445 2166 673 2231 destinantur.
726 2164 875 2244 Quibus,
908 2185 1012 2247 super
1042 2166 1183 2247 negotio
1209 2166 1276 2229 sibi
1304 2186 1397 2230 com·

282 2239 411 2369 ΞΞξυὲΞΞξξ
445 2267 551 2331 misso
583 2267 864 2342 deliberantibus,
900 2267 1100 2347 supervenit
1126 2265 1307 2349 episcopus
1337 2267 1399 2330 Di-

325 2341 346 2380 ¹⁸
409 2356 415 2369 ’
445 2366 564 2444 dacus,
581 2367 624 2430 de
641 2367 736 2431 curia
748 2364 824 2449 jam
842 2384 1039 2447 regressus3
1061 2364 1120 2448 qui
1138 2366 1266 2430 habens
1281 2386 1397 2432 secum

444 2467 583 2531 beatum
618 2467 851 2541 Dominicum,
881 2466 1020 2529 biennio
1055 2465 1125 2530 sere
1154 2485 1231 2528 cum
1267 2467 1396 2530 eisdem

444 2567 699 2649 praedicationis
715 2564 826 2630 officio
848 2565 1024 2642 insistens
1045 2566 1209 2631 remansit
1232 2567 1267 2629 in
1290 2567 1397 2648 parti·

444 2667 509 2729 bus
533 2666 750 2731 Tholosanis
803 2663 899 2728 Obiit
921 2664 986 2728 hoc
1011 2684 1101 2729 anno
1123 2664 1332 2729 Godesridus
1355 2665 1397 2730 de

445 2765 554 2849 Lucy,
571 2765 822 2829 Wintoniensis
839 2764 1031 2846 episcopus

283 3268 394 3318 apocopa
496 3238 647 3304 Parrus
681 3239 724 3302 de
762 3239 924 3320 Rupibus
955 3239 990 3302 in
1021 3239 1295 3304 Wintoniensem
1327 3243 1399 3325 epi-

283 3320 381 3369 changes.

444 3358 586 3420 scopum
617 3359 638 3402 a
666 3358 757 3421 papa
787 3338 992 3402 Innocentio
1018 3346 1249 3417 consecratur,
1276 3342 1336 3423 qui
1363 3343 1398 3404 iu

447 3439 592 3503 ecclesia
619 3439 679 3502 illa
696 3438 949 3520 quamplurima
968 3438 1074 3519 digua
1094 3441 1258 3503 memoria
1275 3440 1399 3504 dereli-

446 3539 530 3621 quit.
561 3536 656 3602 Obiit
675 3538 855 3602 Hubertus
873 3537 1152 3620 archiepiscopus
1169 3539 1398 3604 cantuarien·

444 3639 506 3715 sis,
537 3639 595 3720 qui
621 3638 761 3720 plenum
783 3637 968 3718 legationis
992 3635 1138 3700 officium
1162 3658 1266 3720 super
1290 3646 1400 3703 totam

446 3736 611 3819 Angliam
632 3737 781 3801 obtinuit
803 3755 825 3799 a
846 3756 938 3820 papa
955 3736 1157 3802 Coelestino.
1210 3738 1281 3802 Hic
1303 3741 1399 3821 prius

445 3836 708 3901 sarisberiensis
731 3837 844 3899 fuerat
862 3837 1056 3919 episcopus,
1083 3845 1118 3900 et
1143 3839 1179 3900 in
1200 3840 1400 3920 peregrina-

446 3938 540 4000 tione
567 3937 685 4000 Terrae
712 3935 849 3999 Sanctae
882 3936 973 4017 regis
997 3935 1141 4000 Ricardi
1169 3956 1303 4002 comes:
1342 3939 1401 4002 ubi

446 4036 538 4118 apud
566 4035 761 4119 sepulcrum
791 4034 1011 4098 Dominicum
1040 4054 1118 4100 cum
1142 4038 1281 4100 missam
1305 4058 1400 4102 more

447 4134 649 4198 Latinorum
669 4133 889 4210 celebrasset,
909 4134 1078 4216 quosdam
1097 4136 1241 4200 Latinos
1259 4131 1401 4202 libidem

733 4292 740 4324 ¹
755 4296 875 4358 Wanting
886 4297 912 4344 in
925 4297 963 4345 M.
972 4297 1023 4345 and
1034 4296 1082 4348 Ar.
1178 4313 1182 4324 ’
