3226 5020
593 496 777 546 annuens.
1107 481 1174 545 269

219 663 333 722 costes
364 654 539 720 Robertus
568 654 611 719 de
644 654 825 730 Ferrariis,
855 673 970 719 comes
1004 653 1173 730 Derbeiae,

219 757 311 839 apud
334 754 512 838 oppidum,
533 754 626 836 quod
653 752 865 818 Cestreselde
889 753 1026 830 dicitur,
1050 763 1174 835 captus

218 864 272 920 est
289 837 349 938 per
365 854 491 918 milites
514 853 639 935 regios,
662 853 765 917 sociis
784 873 870 935 quos
889 854 932 916 ad
951 853 1173 935 praedandum

220 955 393 1019 acciverat
419 974 481 1036 per
508 953 622 1035 sugam
648 952 821 1034 dispersis.
875 952 1174 1017 Exheredatorum

220 1054 373 1136 quidam,
402 1053 549 1117 insulam
575 1052 618 1115 de
646 1051 839 1116 Axeholme
864 1060 1086 1134 occupantes
1115 1071 1176 1133 per

220 1154 394 1217 dominum
412 1152 663 1228 Eadmundum,
684 1151 822 1215 fratrem
842 1153 945 1234 regis,
965 1152 1001 1215 in
1019 1151 1115 1214 brevi
1130 1150 1174 1213 ad

222 1253 431 1317 deditionem
445 1259 626 1333 coguntur.
681 1249 785 1314 Miles
800 1251 941 1332 quidam
963 1251 997 1313 in
1017 1251 1174 1332 partibus

224 1353 411 1416 Wintoniae
437 1349 549 1414 Adam
577 1350 702 1426 dictus,
733 1359 961 1432 cognomento
993 1349 1174 1426 Gurdoun‚

222 1452 451 1516 exheredatus
479 1470 555 1514 cum
581 1449 703 1514 ceteris
724 1451 783 1531 qui
807 1450 926 1513 comiti
948 1449 1092 1532 Symcni
1114 1449 1175 1511 ad-

216 1547 404 1627 haeserant,
428 1550 470 1613 ad
494 1569 613 1632 pacem
638 1548 902 1630 regisrenuens
923 1549 1053 1624 venire,
1070 1549 1176 1633 juxta

222 1652 314 1714 viam
344 1652 434 1714 inter
460 1650 576 1712 villam
603 1648 646 1712 de
675 1647 852 1725 Aultonia,
882 1656 917 1712 et
949 1655 1101 1712 castrum
1134 1648 1176 1711 de

225 1743 427 1825 ¹Fernham,
455 1767 558 1831 quam
583 1755 665 1812 tunc
688 1747 723 1810 in
748 1747 837 1812 valle
860 1747 1096 1830 promontoria
1121 1767 1177 1810 ne-

223 1868 360 1913 morosa
386 1847 575 1912 reddebant
608 1854 812 1920 tortuosam,
841 1867 881 1911 ac
906 1867 968 1930 per
993 1847 1058 1911 hoc
1087 1866 1176 1930 prae·

224 1949 372 2012 donibus
404 1955 645 2029 opportunam,
671 1967 749 2012 curn
776 1947 848 2010 suis
875 1947 1001 2011 resedit
1028 1947 1175 2029 patriam

222 2049 353 2130 rapinis
374 2047 553 2122 infestans,
577 2054 611 2110 et
629 2047 802 2129 praecipue
825 2054 936 2110 terras
958 2047 1094 2110 illorum
1117 2047 1177 2128 qui

225 2149 315 2230 parti
347 2147 451 2229 regiae
484 2146 717 2211 adhaerebant.
770 2144 881 2229 Cujus
912 2145 1001 2210 vires
1030 2153 1067 2209 et
1095 2165 1175 2227 pro·
1190 2163 1296 2204 crum·

1188 2214 1257 2262 single
1265 2223 1321 2252 com·

224 2248 367 2310 hitatem
406 2266 452 2310 ex
489 2245 582 2309 fama
618 2246 777 2326 cognitas
810 2246 951 2327 cupiens
984 2244 1176 2308 Edwardus
1189 2264 1285 2353 mre

224 2347 386 2428 experiri,
406 2365 483 2410 cum
506 2345 542 2408 in
565 2363 669 2408 mauu
692 2345 774 2408 forti
796 2345 1052 2426 supervenisset
1067 2345 1175 2409 eidem
1190 2364 1281 2404 conon.

225 2465 264 2510 se
290 2446 333 2509 ad
361 2464 512 2528 pugnam
539 2445 689 2526 paranti,
719 2445 884 2526 praecepit
912 2445 997 2521 suis,
1024 2465 1066 2507 ne
1099 2444 1176 2526 quis

225 2545 401 2610 intereos
434 2544 615 2626 impediret
644 2543 819 2625 singulare
850 2550 1035 2608 certamen.
1088 2543 1177 2607 Con·

226 2644 335 2726 gressi
361 2644 479 2726 itaque
503 2651 641 2706 mutuos
661 2642 751 2706 ictus
775 2643 1008 2724 ingeminant3
1034 2644 1177 2726 parique

226 2751 331 2820 sorte,
363 2751 486 2808 neutro
517 2742 659 2806 cedente
693 2743 806 2818 alteri,
839 2742 969 2805 diutius
1001 2743 1176 2807 dimicant.

228 2843 430 2907 Delectatus
456 2841 594 2906 tandem
623 2840 814 2905 Edwardus
845 2841 964 2906 militis
986 2843 1115 2906 virtute
1142 2851 1178 2906 et

225 2943 353 3017 animo,
375 2941 465 3005 inter
488 2941 710 3024 pugnandum
733 2941 881 3004 consulit
904 2941 935 3004 ei
955 2949 994 3005 ut
1009 2961 1046 3005 se
1062 2941 1178 3005 redde·

226 3049 290 3118 ret,
307 3041 414 3106 vitam
437 3040 602 3122 pollicens
625 3047 660 3104 et
682 3040 867 3105 fortunam.
921 3040 986 3105 Cui
1003 3041 1101 3106 miles
1116 3041 1178 3104 ad-

226 3142 419 3224 quiescens,
438 3139 584 3224 ahjectis
600 3139 704 3204 armis
721 3159 758 3202 se
775 3139 868 3203 illico
886 3136 1062 3217 ²reddidit,
1076 3160 1177 3222 quem

227 3239 346 3304 eudem
369 3246 470 3304 nocte
491 3233 736 3303 ³Gildfordiam
759 3237 950 3302 Edwardus
974 3240 1178 3316 transmisit,

226 3341 354 3420 reginae
370 3340 472 3403 matri
488 3358 566 3407 cum
585 3337 914 3405 recommendatione
929 3339 1076 3420 supplici
1094 3357 1179 3420 prae·

227 3439 444 3516 sentandum,
471 3458 571 3521 quern
602 3444 723 3518 postea
757 3436 938 3501 hereditati
969 3438 1178 3514 restitutum,

229 3538 418 3602 Edwardus
436 3557 571 3619 semper
588 3556 704 3600 carum
722 3535 840 3600 hahuit
854 3543 961 3619 atque
979 3536 1095 3600 fidum.

280 3638 408 3702 Eodem
431 3656 522 3700 anno
539 3635 637 3702 multi
661 3635 702 3700 de
724 3635 943 3700 exheredatis
966 3643 1115 3700 castrum
1138 3636 1180 3700 de
1194 3658 1340 3708 nausea.

1192 3709 1225 3748 lor
1233 3720 1245 3747 a
1254 3709 1331 3747 second

230 3737 468 3801 Kenilworthe
500 3736 646 3816 ingressi
683 3734 889 3800 victualibus
919 3736 1117 3799 munierunt
1146 3746 1180 3799 et
1194 3758 1324 3818 feretrana

228 3837 346 3913 armis,
362 3837 583 3918 disponentes
606 3835 690 3898 illud
714 3834 896 3899 defendere
918 3843 1039 3899 contra
1053 3855 1179 3916 regem.
1194 3809 1269 3898 llil?

174 4171 180 4182 ,
266 4115 695 4206 ’(ξῑειιὴαπι;’ῦοά.1ἰε3.ιῑῐ’“αι·η-
755 4112 911 4176 '‘reddit3’
933 4111 1019 4166 ΜΛ
1043 4113 1183 4178 ‘dedidit3‘

230 4192 304 4252 ham
325 4191 363 4239 M·
375 4194 400 4239 et
410 4188 458 4238 Ar·
720 4183 990 4306 M3e‘tggidefordim
1000 4250 1014 4316 ς’
1029 4257 1089 4305 cod.
1102 4256 1166 4318 Reg.
