3180 5026
607 501 786 551 ANNALES.
1127 487 1171 552 23

216 656 385 735 ascendit,
416 656 594 720 annitente
621 676 713 740 papa
744 657 912 739 Eugenin,
945 657 1044 744 cujus
1076 658 1169 741 apud

217 757 449 822 clarevallem
473 758 538 820 sub
564 763 663 838 patre
690 756 867 823 Bernardo
897 752 1026 823 lluerat
1049 777 1168 823 conso·

215 858 318 920 dalis,
370 855 482 934 Quem
507 857 543 919 in
557 854 723 944 Angliam
745 876 918 922 reversum
938 877 1000 922 rex
1021 857 1167 940 Stepha-
1181 877 1318 928 serenetur

216 977 282 1020 nus
312 950 445 1020 ²rennit
470 955 664 1033 admittere,
692 957 759 1020 nisi
783 957 905 1034 eidem,
928 957 971 1022 de
1002 957 1168 1023 fidelitate
1181 927 1279 978 mm

215 1055 400 1134 servanda,
426 1055 600 1140 juratoria
632 1055 790 1138 praestita
816 1057 985 1124 cautione.
1039 1057 1168 1125 Exclu.

214 1175 337 1224 suma
363 1156 482 1222 favore
503 1155 600 1238 regio
623 1155 716 1223 cives
743 1156 978 1225 Eboracenses
1003 1155 1168 1236 refutant,

215 1254 333 1320 studia
363 1256 400 1320 in
431 1255 624 1336 depositum
648 1255 830 1336 praesulem
852 1256 1076 1340 propensiora
1104 1256 1167 1321 ha.

213 1355 345 1422 bentcs.
410 1353 601 1421 Interdicta
638 1361 780 1437 propter
816 1354 905 1421 hanc
941 1355 1167 1438 pervicaciam

214 1455 369 1532 ciuitate,
398 1460 434 1518 et
463 1453 640 1536 suspensis
674 1452 828 1520 ecclesiae
861 1455 1012 1538 organis
1040 1454 1167 1520 Eusta-

216 1553 315 1618 chins
332 1552 424 1620 filius
440 1553 532 1634 regis
547 1552 735 1618 adveniens
760 1553 878 1619 divina
900 1555 1065 1637 praecepit
1082 1555 1167 1620 cele-

213 1655 308 1718 brari
324 1652 447 1732 officia,
463 1660 497 1717 et
515 1653 694 1736 praetentis
718 1654 904 1720 terroribus
922 1673 990 1717 non
1007 1653 1166 1720 cedentes

215 1755 260 1816 ab
282 1755 368 1818 urbe
392 1752 562 1819 extrusit:
590 1753 776 1837 propinqui
801 1754 905 1822 etiam
930 1754 1090 1837 praesulis
1109 1753 1165 1818 de-

213 1852 332 1938 positi,
359 1859 431 1916 tam
460 1853 600 1934 proprio
634 1851 748 1916 lurore
781 1873 884 1936 quam
917 1853 1013 1938 regio
1047 1853 1166 1920 lavore

214 1951 359 2029 feroces,
384 1953 517 2017 cunctis
540 1952 600 2034 qui
625 1951 834 2036 depositioni
856 1952 932 2040 ejus
953 1954 1166 2035 putabantur

213 2051 442 2128 consensisse,
457 2050 593 2115 molesti
609 2059 708 2116 erant
724 2052 760 2119 in
774 2059 921 2130 tanturn,
942 2060 981 2117 ut
995 2052 1165 2121 seniorem

213 2151 503 2228 archidiaconum,
527 2150 586 2234 qui
603 2150 692 2216 forte
709 2151 746 2214 in
761 2171 883 2218 manus
904 2172 1022 2219 eorum
1036 2152 1166 2218 incide·

213 2258 282 2327 rat,
303 2249 479 2315 abscidere
506 2250 645 2314 minima
670 2258 879 2316 vererentur.
933 2247 1064 2320 Verum
1086 2258 1166 2334 post
1177 2272 1215 2310 rue
1224 2274 1246 2310 u
1254 2271 1295 2311 ran

215 2369 325 2414 annos
350 2349 495 2433 aliquot,
516 2345 655 2432 placato
680 2369 771 2432 rege,
801 2351 895 2415 cives
930 2322 1273 2422 Eboraceusesiiiis‘il'

212 2469 314 2515 snum
330 2449 521 2513 antistitem
536 2467 612 2516 cum
627 2448 755 2530 gaudio
769 2443 1019 2535 susceperunt.³

266 2549 347 2618 Rex
378 2548 590 2615 Francorum
625 2549 793 2632 multique
826 2550 998 2634 principes
1035 2547 1095 2614 alii
1130 2549 1326 2654 inffingt'g,

214 2648 360 2712 Terram
378 2647 539 2716 Sanctam
557 2666 683 2732 apapa
696 2649 852 2731 Eugenio
870 2648 962 2731 apud
977 2648 1286 2712 Verzelliasthecron·

214 2769 292 2812 curn
320 2748 430 2812 crucis
463 2746 661 2814 charactere
693 2755 776 2815 sunt
804 2749 944 2832 signati.
1010 2747 1166 2820 Ecclesia

214 2848 459 2926 Tornacensis,
483 2865 561 2929 quae
584 2866 647 2931 per
672 2866 781 2913 annos
807 2849 944 2913 circiter
968 2855 1165 2932 sexcentos,

216 2968 237 3011 a
254 2955 408 3030 tempore
425 2945 584 3011 videlicet
600 2948 712 3014 sancti
727 2946 899 3026 Medardi,
917 2949 981 3012 sub
1003 2948 1165 3036 episcopo

215 3045 443 3113 Noviomensi
456 3047 530 3110 sine
545 3047 684 3128 proprio
698 3053 843 3113 steterat
852 3048 1042 3126 sacerdote,
1058 3048 1165 3128 coepit

213 3146 279 3211 hoe
297 3166 389 3212 anno
406 3146 582 3234 proprium
600 3143 726 3213 habere
742 3147 953 3231 episcopum.
1000 3147 1068 3216 His
1082 3154 1164 3210 tem·
1176 3164 1296 3254 sapore-

213 3247 356 3332 poribus
367 3251 490 3310 sancta
503 3238 770 3328 *Hyldegardis
785 3245 884 3330 cnjus
901 3246 1073 3312 mirabiles
1088 3265 1164 3309 uar-
1175 3225 1212 3264 ⁸⁸¹
1227 3241 1233 3252 ’

212 3355 334 3409 rantur
355 3345 505 3412 visiones
533 3351 568 3410 et
596 3345 799 3433 prophetiae,
825 3345 1040 3429 inpartibus
1071 3345 1163 3408 Teu-

212 3447 320 3512 toniae
335 3445 528 3508 habebatur
541 3443 698 3526 insignis.

212 3672 263 3722 aud
276 3687 292 3721 a
302 3671 385 3721 notice
393 3669 422 3731 ol
430 3670 470 3719 his
480 3669 524 3718 life
535 3670 562 3718 in
573 3669 677 3733 stubbs,
736 3667 747 3696 ²
762 3669 893 3731 ‘recipere
903 3669 985 3720 noluit
993 3663 1008 3729 ;’
1021 3668 1068 3718 Ar.

211 3745 247 3792 X.
261 3742 354 3803 Script.
364 3741 413 3788 ccl.
425 3743 498 3788 1721.
511 3743 550 3788 13.

250 3808 258 3838 ¹
283 3811 292 3838 ⁴
304 3810 400 3860 sodalis
426 3814 452 3858 et
486 3808 676 3870 condiscipulus

213 3881 307 3942 linerat,
324 3879 530 3942 ejusqnesitam,
548 3893 639 3939 mores,
652 3883 678 3926 et

211 3951 363 4000 industriam
384 3951 477 4010 optime
499 3949 676 4011 cognoscebat.
1088 4007 1093 4018 1

211 4021 332 4080 Denique
351 4019 468 4072 electioni
487 4019 543 4080 eJus
565 4017 676 4066 favorem
736 4005 1163 4088 ⁴‘Hildegardis5'D’A.‘llrlder-

212 4089 399 4152 promptissime
434 4088 554 4149 praebuit,
581 4091 606 4136 et
634 4101 678 4140 so·
703 4083 772 4144 garis
780 4081 799 4142 ς’
815 4081 854 4129 Μ.
866 4083 890 4127 et
906 4078 953 4126 Ar.
990 4079 1038 4126 See
1057 4077 1102 4125 her
1118 4074 1163 4123 lrt'e

210 4160 328 4208 lemniter
342 4162 493 4213 consecutus
508 4157 678 4220 praerogativa
703 4152 753 4200 and
771 4150 857 4199 works
875 4150 901 4196 in
920 4147 1023 4210 Stiltiug
1042 4146 1084 4196 the
1104 4145 1163 4192 Bol-

209 4229 283 4292 pallii
292 4223 307 4290 3⁸
319 4227 367 4281 Ar.
701 4221 805 4283 landist,
812 4219 879 4268 Acta
889 4218 933 4268 SS.
941 4218 1011 4279 Sept.
1021 4221 1062 4280 lt,
1072 4231 1096 4265 v.
1105 4218 1163 4263 6³⁰.

737 3768 747 3799 ³
763 3772 870 3835 ‘sicque
892 3775 949 3833 post
964 3770 1091 3818 diutinum
1110 3767 1163 3816 dis·

701 3841 794 3890 cordiae
806 3841 1001 3900 melum,illuxit
1011 3837 1162 3888 desiderata

700 3912 772 3972 pacis
783 3925 899 3959 serenum
906 3911 922 3970 ;'
933 3909 981 3958 Ar.
