3226 5020
431 467 498 534 324
790 483 864 531 ruc.
887 483 1034 531 ‘rnrvnrr

436 647 633 704 coronatur.
711 638 879 704 Alfonsus
916 638 1033 717 etiam,
1074 637 1275 722 drogonum
1310 635 1384 717 ren,

437 746 594 803 mortuus
612 747 666 804 est
681 738 746 803 boc
761 758 864 806 anno.

276 857 428 907 amarum
488 840 569 903 Rex
589 836 741 921 Angliae,
757 846 838 922 post
859 837 984 903 festum
1009 839 1102 903 beati
1120 837 1268 904 Joannis
1291 841 1383 922 Bap-

277 913 373 950 ortuent

277 919 418 1010 sarain
437 939 542 1016 tistae,
573 939 609 1002 in
637 939 788 1004 Scotiam
815 939 967 1016 venienS,
995 939 1143 1021 receptis
1175 959 1293 1004 eorum
1324 941 1383 1023 qui

278 1021 302 1050 u
312 1020 377 1058 many

276 1061 394 1160 madriu
438 1057 581 1120 regnum
614 1037 742 1103 Scotiae
775 1038 1006 1102 vendicabant
1031 1038 1297 1120 allegationibus
1320 1060 1383 1122 pro

277 1159 395 1200 aeternae
433 1159 514 1223 Jure
528 1158 605 1216 suo,
627 1137 710 1220 eligi
733 1138 814 1202 fecit
836 1138 1067 1220 quadraginta
1091 1158 1269 1220 personas,
1289 1138 1384 1203 vide-

276 1210 406 1301 ilidiibh
437 1239 519 1303 licet
551 1236 677 1320 uiginti
712 1238 754 1302 de
786 1237 918 1319 Anglia
955 1245 991 1301 et
1024 1238 1147 1320 viginti
1176 1239 1224 1301 de·
1253 1239 1382 1315 Scotia,

438 1338 498 1421 qui
520 1339 607 1402 istas
631 1337 856 1420 allegationes
881 1337 1070 1401 deliberata
1096 1337 1276 1419 diligentia
1300 1332 1384 1401 ¹dis-

438 1446 615 1518 cuterent;
652 1437 858 1502 sententiam
884 1436 1021 1500 finalem
1055 1457 1165 1521 usque
1192 1438 1228 1501 in
1256 1438 1382 1502 festum

439 1538 475 1603 S.
500 1538 682 1603 Michaelis
698 1531 877 1621 ²proxime
903 1545 1086 1601 venturum
1116 1537 1274 1601 differens
1303 1559 1383 1620 pro·

276 1655 404 1697 antenoreo
437 1637 624 1703 serendam.
686 1635 905 1702 Adveniente
937 1645 1052 1701 autem
1084 1637 1251 1720 proedicto
1281 1638 1384 1716 sesto,

277 1707 427 1848 isae'dioignfm
438 1748 518 1822 post
539 1731 774 1822 ³[diligentem
798 1736 944 1823 negotii]
974 1737 1234 1816 discussionem,
1259 1737 1303 1802 de
1326 1758 1383 1802 as·

305 1811 335 1858 ¹*
375 1834 381 1854 '
437 1858 540 1902 sensu
566 1838 718 1902 omnium
743 1837 873 1901 Joanni
898 1836 941 1900 de
968 1836 1130 1914 Balliolo,
1152 1838 1213 1919 qui
1244 1836 1287 1901 de
1313 1838 1385 1904 filia

438 1938 556 2002 David
573 1930 678 2019 ⁴regis
701 1937 882 2002 Scotorum
902 1937 1125 2001 descenderat
1149 1937 1295 2015 seniore,
1324 1939 1404 2001 ad.·

432 2037 605 2122 judicavit
627 2057 672 2102 ex
698 2037 835 2118 integro
860 2056 1005 2118 regnum
1031 2037 1154 2119 ipsum.
1208 2038 1384 2102 Robertus

437 2138 528 2202 enim
554 2138 596 2201 de
621 2138 724 2215 Brus,
748 2137 839 2201 inter
860 2155 962 2219 quem
983 2144 1018 2200 et
1043 2136 1213 2200 loannem
1238 2138 1384 2220 praedic·

438 2246 512 2302 tum
543 2236 694 2303 exclusis
726 2237 850 2300 ceteris
884 2236 1032 2319 quaestio
1062 2238 1273 2315 vertebatur,
1302 2239 1383 2302 licet

437 2357 508 2402 nno
532 2338 642 2420 gradu
672 2344 765 2401 esset
793 2336 1030 2419 propinquior,
1059 2343 1176 2400 tamen
1207 2337 1384 2402 descendit

276 2456 351 2496 anor·
438 2438 550 2503 afilia
569 2438 661 2520 regis
686 2437 802 2501 David
822 2435 985 2500 secunda.
1037 2433 1192 2500 Joannes
1215 2444 1330 2501 autem
1348 2439 1383 2501 in

276 2508 405 2604 elilim*
426 2538 527 2603 testo
558 2537 593 2602 S.
620 2536 770 2603 Andreae
802 2534 965 2619 Apostoli
995 2538 1165 2618 sequenti,
1199 2529 1382 2622 ⁶[colloca-

277 2607 375 2648 ΜΦ
438 2638 511 2719 tus]
538 2657 641 2721 super
666 2636 816 2719 lapidem
840 2635 990 2717 regalem
1018 2636 1054 2698 in
1079 2636 1224 2700 ecclesia
1246 2638 1383 2701 canoni-

436 2757 555 2802 corum
586 2737 796 2818 regularium
831 2736 874 2799 de
905 2735 1029 2813 Scona,
1063 2736 1263 2801 solemniter
1289 2757 1384 2801 coro

436 2846 551 2901 natur.
618 2835 706 2900 Post
738 2833 995 2900 coronationem
1030 2854 1113 2899 vero
1139 2836 1305 2900 accedens
1337 2837 1380 2901 ad

437 2955 553 3019 regem
576 2935 727 3017 Angliae,
753 2935 812 3018 qui
838 2934 963 2999 festum
988 2934 1195 2999 Natiuitatis
1222 2936 1380 3000 Domini·

437 3054 487 3100 cae
510 3035 602 3118 apud
634 3033 958 3099 Novum-Castrum
984 3035 1095 3100 tenuit
1117 3054 1220 3117 super
1245 3036 1382 3114 Tinam,

276 3155 317 3196 nr·
328 3157 383 3196 rom
391 3157 417 3197 or
428 3135 547 3199 eidem
565 3134 645 3199 fecit
667 3134 864 3216 homagium
888 3135 952 3198 sub
979 3134 1032 3198 bis
1050 3135 1186 3199 verbis:
1213 3136 1382 3200 ‘Domine

274 3207 394 3297 libbi?
436 3234 496 3314 mi,
538 3235 675 3299 domine
714 3232 897 3312 Eduardo,
932 3252 995 3297 rex
1034 3232 1187 3316 Angliae,
1227 3237 1384 3318 superior

436 3335 562 3401 Scotiae
594 3335 742 3411 domine,
768 3355 834 3416 ego
867 3334 1023 3397 loannes
1061 3335 1104 3398 dc
1140 3333 1289 3402 Balliolo
1319 3355 1382 3400 rex

435 3435 562 3500 Scotiae
585 3454 793 3517 recognosco
816 3454 871 3498 me
892 3434 1063 3498 bominem
1087 3442 1239 3499 vestrum
1262 3435 1382 3517 ligium

433 3535 478 3600 de
504 3541 581 3599 toto
602 3554 709 3616 regno
737 3535 877 3611 Scotiae,
903 3541 938 3598 et
959 3533 1118 3598 omnibns
1136 3527 1381 3617 “pertinentiis

434 3635 536 3699 ethis
554 3653 633 3718 quae
651 3634 695 3698 ad
711 3634 776 3699 boc
792 3625 981 3717 'spectant
997 3633 1090 3716 quod
1119 3653 1265 3716 regnum
1281 3643 1382 3700 teneo

469 3858 476 3889 ¹
494 3859 579 3910 Hall’s
596 3859 772 3910 emendatione
791 3860 895 3911 ‘discu·
919 3859 989 3921 land,
1000 3859 1046 3909 but
1054 3859 1084 3910 oi
1095 3860 1183 3911 David
1196 3862 1249 3911 earl
1260 3860 1290 3911 ot'
1298 3861 1383 3911 Hunt·

430 3925 535 3991 terent3’
547 3930 629 3980 MSS.
919 3930 1023 3991 ingdon,
1040 3930 1081 3980 his
1095 3931 1213 3992 cephen.
1249 3931 1352 3981 Fordun
1365 3948 1382 3983 a

466 3999 478 4032 ²
493 4000 555 4049 This
566 4001 588 4049 is
598 3998 662 4047 from
673 3998 722 4048 Ar.
759 4000 819 4048 cod.
831 3999 896 4061 Reg.
920 4000 1039 4059 Goodall,
1051 4001 1206 4050 Scotichron.
1218 4000 1236 4049 i.
1249 4016 1275 4062 p.
1287 4006 1345 4053 447.

430 4063 747 4131 has‘proximovenienr?
954 4065 1151 4120 ‘Thisisfrom
1162 4069 1209 4120 Ar.
1222 4074 1286 4121 22⁰:
1303 4072 1383 4122 ‘allo

466 4138 574 4188 ³Ttrese
597 4138 681 4187 words
700 4153 743 4187 are
762 4137 825 4186 from
847 4137 893 4187 Ar.
919 4135 1071 4198 catus3‘Ar.

431 4213 488 4259 220.
954 4205 965 4238 ⁶
981 4209 1181 4271 ‘pertinentibus
1188 4204 1203 4268 ;‘
1215 4208 1261 4259 Ar.
1274 4214 1331 4260 220.

464 4278 475 4308 ⁴
493 4277 546 4327 Not
561 4275 647 4326 David
659 4275 682 4324 Ι.
700 4275 763 4339 king
777 4278 806 4326 of
822 4278 894 4327 Scot-
954 4275 964 4307 ⁷
981 4273 1141 4341 ‘scriptum’
1148 4279 1233 4330 added
1240 4279 1383 4329 inuruao.
