3204 5028
591 535 775 584 aurnuns.
1087 519 1151 582 129

196 690 471 755 Christianorum
496 692 673 770 nobilium,
700 701 734 757 et
761 693 971 775 quingentos
993 693 1150 774 captivo·

195 811 269 854 rum
301 791 511 869 inferiorum,
551 793 601 856 ita
633 792 726 876 quod
768 793 900 856 obsessi
934 792 1148 874 egredientes

196 890 281 953 nihil
298 898 425 972 praeter
439 892 598 956 camisias
621 900 850 975 asportarent,
873 892 1065 973 darentque
1086 912 1149 974 pro

197 991 431 1074 redemptione
448 993 600 1074 capitum
618 1011 758 1057 suorum
780 992 1061 1057 Saracenicorum
1081 992 1149 1056 duo

197 1090 304 1154 millia
321 1091 542 1166 talentorum,
561 1100 597 1156 et
610 1111 715 1174 super
732 1092 785 1156 his
801 1092 947 1156 fideliter
964 1093 1150 1156 observan-

196 1190 250 1253 dis
274 1190 449 1254 traderent
479 1191 616 1255 obsides
647 1192 831 1256 nobiliores
861 1191 1053 1255 Turcorum
1089 1192 1149 1273 qui

196 1290 482 1360 invenirentur.in
496 1293 590 1356 urbe.
627 1291 696 1355 His
711 1291 964 1355 conditionibus
978 1290 1149 1367 admissio,

199 1389 332 1453 reddita
357 1397 410 1453 est
432 1391 571 1473 regibus
600 1391 724 1456 civitas
746 1385 883 1454 ¹Acbon
917 1396 1042 1473 quarto
1072 1390 1149 1453 idus

198 1488 222 1552 J
225 1489 298 1565 ulii,
321 1495 356 1553 et
370 1490 506 1553 obsides
528 1491 660 1555 traditi.
707 1491 766 1555 Fit
781 1491 890 1572 igitur
911 1509 1013 1573 aequa
1034 1488 1150 1553 distri-

197 1589 294 1652 butio
320 1589 491 1670 ciritatis3
520 1589 708 1654 insortam
738 1591 830 1672 regis
858 1591 1014 1654 Franciae
1045 1589 1150 1653 cessit

198 1689 472 1771 Templariorum
488 1690 602 1754 nobile
613 1690 793 1772 palatium,
803 1690 877 1772 regi
890 1689 1041 1754 Ricardo
1055 1689 1149 1770 pala-

200 1790 285 1853 tium
314 1790 443 1871 regale,
475 1789 511 1851 in
541 1809 609 1872 qno
638 1791 776 1872 reginas
804 1809 949 1854 uxorem
973 1789 1089 1872 posuit
1115 1796 1151 1852 et

201 1908 370 1953 sororem:
398 1909 572 1953 armorum
594 1909 731 1973 quoque
753 1896 789 1955 et
811 1889 1012 1958 victualium
1035 1907 1151 1971 reper-

201 1997 312 2052 torum
350 1996 384 2054 et
423 1990 581 2053 obsidum
617 1990 922 2072 proportionaliter
949 1989 1152 2054 divisionem

202 2090 392 2153 sortiuntur
406 2090 586 2172 aequalem.

251 2188 337 2252 Post
360 2189 434 2253 dies
455 2209 585 2272 paucos
606 2190 697 2254 inter
718 2210 818 2272 reges
837 2189 954 2272 gravis
979 2190 1153 2253 suboritur
1165 2209 1252 2250 arrasa

199 2288 381 2366 discordia,
399 2290 477 2352 dum
495 2310 558 2354 rex
577 2290 788 2354 Francorum
813 2289 981 2378 Marcbisi
1003 2297 1151 2370 partem,
1164 2258 1305 2359 liissiiffl

201 2387 407 2453 vindicantis
432 2409 577 2471 regnum
600 2389 808 2467 Jerusalem,
834 2389 949 2467 fovet3
980 2358 1295 2460 Ricarduslbllidd

201 2508 283 2553 vero
300 2509 361 2552 rex
378 2497 510 2571 partem
523 2488 714 2554 Guidonis:
735 2508 813 2573 qnae
825 2495 952 2565 tamen,
964 2507 1153 2569 procuran-

202 2589 296 2652 tibus
311 2589 395 2653 viris
410 2589 579 2667 discretis,
596 2590 650 2652 his
667 2588 920 2654 conditionibus
939 2587 1152 2669 conquievit;

204 2688 373 2766 videlicet,
401 2697 441 2754 ut
466 2689 581 2753 Guido
610 2689 740 2771 regiam
768 2689 938 2753 obtineret
972 2687 1016 2750 ad
1046 2688 1154 2752 vitam

204 2789 418 2870 dignitatem,
447 2789 643 2853 Marcbisus
666 2808 760 2866 vero,
783 2789 843 2870 qui
871 2788 969 2870 regni
994 2787 1154 2852 heredem

203 2889 361 2964 duxerat,
394 2889 536 2954 haberet
564 2881 767 2953 ²comitatus
798 2889 896 2971 Tyri,
928 2886 1088 2970 Sydonis,
1119 2894 1155 2951 et

205 2987 351 3065 Baruth,
379 2989 610 3071 defunctoque
639 2988 800 3053 Guidone
833 2988 930 3070 regni
962 2986 1155 3051 diademate

203 3089 434 3170 insigniretur.
488 3088 591 3167 Quod
614 3089 644 3152 si
666 3087 861 3152 Gnidonem
883 3095 919 3152 et
941 3086 1155 3150 Marcbisur'n

205 3207 281 3251 cum
312 3189 459 3272 conjuge
486 3189 704 3270 contingeret
726 3188 885 3251 humanis
911 3187 1015 3251 rebus
1038 3187 1159 3264 eximi,

205 3287 286 3350 dum
312 3306 375 3351 rex
407 3288 579 3352 Ricardus
604 3289 640 3351 in
668 3288 825 3370 partibus
854 3287 922 3349 illis
952 3293 1155 3362 moraretur,

206 3387 280 3468 ipse
296 3387 339 3450 de
353 3407 461 3470 regno
477 3388 652 3452 ordinaret
665 3395 706 3450 ut
718 3386 930 3452 commodius
943 3385 1127 3448 videretur.

256 3487 417 3551 Exeunte
444 3489 563 3571 itaque
589 3506 706 3551 mense
730 3486 753 3550 J
758 3486 831 3562 ulii,
855 3505 918 3549 rex
945 3485 1156 3548 Francorum
1171 3508 1240 3564 paru,

206 3587 395 3668 repatriare
437 3588 622 3670 disponens
667 3586 787 3650 ducem
828 3583 1041 3666 Burgundios
1081 3568 1284 3655 locoffifflm

208 3705 271 3750 suo
288 3686 436 3769 reliquit.
490 3686 582 3752 Ante
598 3694 713 3752 tamen
728 3686 916 3750 discessum
941 3691 1053 3760 suum,
1076 3702 1158 3747 con-

207 3793 330 3850 ventus
354 3805 376 3850 a
399 3806 481 3867 rege
511 3787 664 3851 Ricardo
693 3786 737 3850 de
770 3791 890 3849 mutua
923 3782 1160 3848 conservanda

207 3884 372 3950 fidelitate
395 3887 603 3964 securitatis,
623 3887 756 3971 juravit
777 3884 869 3968 quod
887 3884 959 3948 suis
980 3890 1041 3947 aut
1058 3891 1160 3948 terrae

207 4003 278 4048 suae
301 4005 369 4049 non
392 3995 531 4050 noceret
553 3985 716 4068 quamdiu
733 4005 796 4049 rex
812 3985 985 4049 Ricardus
1004 3985 1039 4046 in
1061 4002 1159 4066 pere·

207 4085 403 4166 grinatione
429 4094 596 4164 maneret,
620 4106 689 4150 nec·
709 4086 814 4150 etiam
840 4092 920 4168 post
945 4083 1093 4148 reditum
1123 4083 1160 4146 in

323 4318 332 4350 ¹
348 4320 446 4375 ‘Actes
455 4315 471 4380 3'
489 4320 531 4370 Fr.
542 4320 585 4368 Tr.
670 4314 675 4386 Ι
761 4315 772 4344 ²
787 4317 951 4367 ‘comitatum
961 4313 978 4377 ς’
990 4313 1038 4364 Ar.

988 4422 1009 4467 K
