3170 5020
573 557 574 561 ,
606 519 789 568 Anninus.
834 519 835 523 ’
1102 504 1168 570 347

217 684 395 757 sequente,
412 674 572 740 videlicet
590 676 722 740 decimo
740 683 865 742 octavo
887 675 1050 742 calendas
1068 679 1166 756 Maii,
1180 694 1295 784 ⁰2:¹3³?

218 777 292 856 regi
324 775 521 839 advenienti
550 776 720 841 redditum
751 783 805 841 est
840 786 1004 853 castrum,
1032 779 1067 841 in
1098 755 1322 862 quotrsseffiliffh-

218 877 312 958 capti
343 883 426 939 suut
456 877 597 940 comites
619 884 702 953 tres,
728 875 770 940 de
797 869 1006 950 ¹Meneteth,
1030 879 1073 942 de
1103 877 1167 942 As-

216 975 306 1039 celes
331 982 366 1038 et
391 976 434 1039 de
454 975 549 1054 Ros3
575 977 720 1040 barones
738 995 814 1053 sex,
831 976 990 1041 videlicet
1011 977 1034 1042 J
1037 997 1166 1043 oannes

218 1073 340 1140 Gomiu
363 1075 493 1160 junior,
519 1074 715 1140 Willelmus
742 1075 784 1139 de
809 1075 938 1140 Sancto
961 1076 1078 1155 Claro,
1102 1078 1166 1142 Ri-

217 1175 342 1238 cardus
375 1174 521 1240 Siwardi
557 1176 683 1252 senior,
715 1175 738 1240 J
742 1193 871 1239 oannes
910 1175 1165 1256 Hincmartin0,

217 1271 417 1338 Alexander
448 1275 490 1339 de
517 1276 692 1352 Muravia,
719 1274 941 1340 Eadmundus
970 1275 1093 1340 Comin
1122 1278 1166 1342 de

219 1373 369 1450 Kilbrid,
395 1395 472 1439 cum
501 1375 578 1438 aliis
601 1374 767 1439 militibus
790 1375 914 1456 viginti
938 1395 1072 1453 novem,
1096 1377 1166 1441 cle-

217 1474 298 1537 ricis
321 1473 465 1553 duobus,
483 1481 519 1539 et
534 1474 705 1539 scutiferis
728 1475 906 1556 octoginta
928 1477 1050 1553 trinus,
1077 1495 1165 1559 quos

217 1573 262 1637 ad
287 1573 425 1638 diversa
446 1583 562 1640 castra
586 1573 725 1656 Angliae
750 1575 843 1638 misit
865 1594 925 1638 rex
949 1574 985 1639 iu
1007 1576 1165 1641 custodia

217 1672 429 1738 detinendos.

266 1772 354 1838 Post
376 1774 569 1856 captionem
587 1773 692 1840 castri
714 1773 757 1836 de
773 1773 930 1851 Dunbar,
952 1775 1072 1857 paucis
1092 1775 1163 1840 die·
1175 1791 1268 1880 ἓνεκα

217 1874 281 1936 bus
296 1874 520 1956 interpositis,
544 1875 690 1938 accessit
712 1893 774 1937 rex
798 1872 842 1936 ad
859 1881 1011 1938 castrum
1028 1874 1165 1939 Rokes-
1176 1852 1294 1980 Roflt'uuh

217 1973 362 2055 burgiae,
390 1973 482 2055 quod
507 1975 625 2037 statim
652 1972 822 2037 redditum
845 1981 899 2036 est
930 1974 961 2037 ei
987 1967 1026 2038 ²a
1048 1952 1210 2039 senes-⁰⁸⁶
1229 1953 1253 1988 θ’

217 2072 329 2136 challo
354 2073 494 2149 Scotiae,
516 2072 622 2136 salvis
641 2073 713 2136 vita
738 2077 773 2136 et
788 2074 961 2149 membris,
986 2081 1021 2137 et
1038 2074 1082 2137 iis
1105 2075 1164 2157 qui

217 2191 332 2236 secum
359 2180 457 2236 erant
479 2172 514 2234 in
541 2181 667 2236 castro.
720 2171 855 2235 Deinde
880 2172 1098 2255 progreditur
1120 2174 1163 2237 ad
1176 2189 1318 2250 adrmeeuon

217 2279 367 2334 castrum
401 2271 613 2350 Puellarum,
645 2270 737 2353 quod
770 2278 849 2335 octo
883 2271 1013 2334 dierum
1037 2273 1164 2336 obsidi-
1177 2241 1313 2380 ΞΞΞΞἘΙΞ

218 2390 283 2434 one
314 2378 550 2453 expugnatum
590 2379 655 2447 cst,
689 2369 890 2434 custodibus
919 2370 995 2455 ejus
1028 2372 1102 2436 vita
1130 2381 1165 2436 et
1307 2367 1313 2386 '

217 2471 378 2535 membris
405 2469 587 2535 concessis.
632 2470 882 2551 Veneruntque
907 2471 955 2534 ibi
978 2470 1021 2534 ad
1049 2491 1164 2553 regem

217 2570 414 2635 Wallenses
437 2569 570 2653 pedites
592 2569 627 2632 iu
650 2568 868 2633 multitudine
890 2588 1028 2651 magna,
1054 2579 1089 2635 et
1112 2591 1164 2634 re·

218 2670 312 2735 misit
329 2670 400 2735 sere
417 2690 479 2734 rex
497 2671 532 2733 iu
550 2668 668 2734 eodem
687 2688 829 2732 numero
846 2667 1016 2750 Anglicos
1033 2671 1165 2752 pedites

217 2768 393 2852 fatigatos.
453 2769 633 2834 Accedens
661 2769 742 2832 inde
772 2768 1329 2877 adcastrumdeStri·ggss·nsetdn11ns

217 2871 309 2933 velin
340 2889 486 2935 vacuum
517 2868 602 2931 illud
630 2868 774 2944 invenit,
798 2869 998 2933 custodibus
1021 2869 1165 2953 dilapsis
1278 2864 1283 2884 '

217 2967 253 3031 in
275 2969 406 3052 fugam.
469 2968 558 3032 Illuc
582 2987 660 3032 cum
688 2968 813 3031 militia
839 2987 903 3032 sua
928 2969 970 3032 de
995 2969 1166 3034 Hibernia

218 3069 254 3131 in
276 3070 466 3134 subsidium
488 3069 579 3150 regis
607 3065 701 3131 venit
723 3086 839 3131 comes
865 3068 1025 3134 Ultoniae.
1073 3069 1165 3147 Rex,
1177 3096 1257 3146 eroum
1266 3086 1303 3126 the

219 3187 312 3232 mare
335 3168 555 3234 Scoticanum
579 3175 830 3248 transgressus,
854 3169 950 3231 veuit
975 3167 1019 3231 ad
1047 3170 1164 3232 villam
1177 3136 1290 3275 ἓὲἑὲᾖέᾱ

218 3266 255 3330 S.
289 3267 436 3332 Joannis
466 3268 509 3331 de
540 3265 625 3330 Pert
655 3265 692 3328 in
717 3266 806 3330 festo
837 3266 871 3330 S.
898 3266 1046 3332 Joannis
1074 3269 1166 3352 Bap
1274 3264 1280 3274 '

137 3407 140 3412 >
217 3367 330 3445 tistae3
362 3369 422 3432 ubi
443 3367 661 3433 solemnitate
685 3374 828 3449 peracta
849 3385 912 3449 per
939 3367 1071 3450 aliquot
1093 3369 1166 3432 dies

215 3467 353 3531 mansit.
600 3537 604 3544 ‚

268 3567 360 3631 Dum
385 3566 459 3631 baec
479 3573 676 3649 agerentur,
691 3564 811 3628 videns
828 3564 851 3629 J
855 3583 984 3629 oannes
1006 3586 1070 3629 rex
1084 3567 1165 3631 Sco·
1176 3582 1309 3672 mugga

218 3667 276 3730 tiae
319 3666 401 3750 quia
440 3686 509 3731 non
545 3666 689 3730 haberet
727 3672 935 3747 potestatem
974 3667 1167 3744 resistendi,
1179 3683 1235 3723 uns
1244 3694 1314 3733 renco·

216 3766 330 3830 missis
356 3767 401 3830 ad
423 3785 539 3848 regem
569 3764 708 3847 Angliae
739 3764 879 3841 nuntiis,
909 3784 1026 3847 pacem
1050 3772 1085 3829 et
1107 3767 1168 3830 mi·

217 3865 437 3930 sericordiam
469 3865 678 3948 imploravit.
739 3862 805 3927 Cui
838 3883 900 3928 rex
933 3865 1079 3946 benigne
1107 3885 1168 3930 au·

216 3983 337 4043 nuens,
364 3966 580 4031 remandavit
612 3972 651 4029 ut
680 3962 724 4026 ad
754 3970 906 4027 castrum
937 3964 980 4027 de
1008 3958 1167 4029 ³Brichin

252 4163 259 4193 ¹
275 4163 412 4216 ‘Menetez
422 4162 437 4227 ;’
450 4168 510 4217 Cod.
523 4167 588 4228 ch.
706 4160 754 4212 Ar.
788 4162 842 4212 The
860 4168 912 4212 rest
924 4163 952 4213 cl
959 4163 1001 4214 the
1016 4168 1133 4215 sentence
1144 4166 1167 4214 is

707 4233 809 4281 omitted
821 4234 853 4294 by
867 4229 934 4283 ΠΛ.

252 4287 262 4316 ²
277 4291 339 4352 ‘per
358 4292 543 4342 seneschallum
562 4293 655 4344 scotiae
665 4295 681 4356 ς’
741 4300 752 4332 ⁸
768 4301 910 4364 ‘Bmhiffi’
924 4305 983 4354 (ω,
996 4304 1072 4366 13ng
1093 4305 1168 4353 ιΒή.
