3204 5028
426 505 471 571 88
785 517 1024 568 urormvnrr

425 681 461 743 in
485 680 584 756 mari,
604 680 694 744 inter
716 697 804 760 quas
822 696 988 761 una-quae
1005 678 1170 761 portabat
1185 675 1381 741 Galfridum

427 777 652 861 praepositum
684 777 877 855 Beverlaoi,
906 777 1056 862 junioris
1090 777 1182 858 regis
1213 777 1387 840 cancella·

269 905 417 948 sumata
428 878 530 954 rium,
543 877 651 961 juxta
668 877 832 941 Sanctum
851 876 954 959 periit
970 869 1210 941 Walaricum.¹
1251 875 1385 956 Vigilia

267 953 399 1007 mm
427 976 464 1040 S.
479 975 630 1040 Andreae
645 977 808 1060 apparuit
822 969 902 1038 ²lux
917 995 1018 1039 mane
1034 975 1175 1039 veniens
1189 974 1234 1037 ab
1250 975 1382 1038 oriente

429 1094 540 1158 usque
571 1075 615 1140 ad
647 1075 872 1152 occidentem,
902 1094 972 1156 quo
1005 1074 1060 1137 die
1086 1073 1275 1137 Christiani
1305 1092 1382 1137 cum

429 1173 611 1238 Saracenis
633 1174 725 1257 apud
743 1174 778 1238 S.
797 1172 987 1254 Georgium
1009 1173 1052 1236 de
1074 1171 1226 1236 Ramula
1249 1190 1383 1254 pugna·

429 1280 566 1338 verunt.
617 1272 771 1337 Putabat
786 1271 924 1354 quidem
941 1271 1138 1347 Saladinus,
1155 1270 1248 1353 quod
1263 1278 1383 1352 posset

430 1391 553 1454 capere
566 1373 684 1436 urbem
698 1371 907 1448 Jerusalem,
918 1369 1154 1435 defensoribus
1169 1369 1381 1433 destitutam.

431 1468 639 1536 Abduxerat
659 1471 750 1534 enim
771 1488 886 1534 comes
907 1469 1091 1546 Flandriae,
1109 1469 1151 1532 ad
1171 1469 1381 1532 obsidionem

431 1570 537 1640 castri
562 1570 727 1647 Harenae,
756 1589 874 1633 omnes
901 1568 973 1634 fere
997 1569 1124 1632 milites
1154 1566 1383 1632 Christianos.

431 1668 496 1732 Sed
515 1674 630 1733 tamen
645 1687 708 1732 rex
721 1667 745 1732 J
748 1668 915 1732 emsalem
932 1675 967 1732 et
981 1667 1176 1749 patriarcha
1194 1674 1229 1731 et
1240 1666 1300 1730 alii
1316 1668 1382 1731 viri

430 1767 596 1850 religiosi,
621 1766 788 1830 babentes
813 1785 943 1849 paucos
971 1767 1098 1830 milites
1121 1774 1156 1831 et
1181 1766 1382 1842 servientes,

432 1885 494 1948 per
516 1867 680 1931 virtutem
702 1872 832 1930 sanotae
855 1865 967 1930 cmcis
988 1865 1269 1929 innumerabilem
1290 1865 1385 1929 vice-

430 1972 514 2029 runt
537 1966 726 2030 exercitum
753 1982 987 2048 paganorum
1015 1965 1114 2049 cujus
1134 1965 1245 2029 crucis
1270 1963 1385 2045 longi-

432 2064 517 2129 tudo
536 2083 557 2128 a
579 2072 673 2129 terra
689 2083 800 2146 usque
823 2064 868 2128 ad
893 2063 1020 2128 coelum
1044 2065 1190 2146 paganis
1209 2064 1384 2146 apparuit,

430 2170 470 2226 ut
484 2163 656 2227 dixerunt.
710 2163 929 2247 Locupletati
951 2182 1034 2227 vero
1057 2171 1139 2227 sunt
1162 2182 1246 2227 auro
1268 2169 1304 2226 et
1325 2183 1382 2227 ar·

430 2271 549 2344 gente,
567 2263 664 2346 equis
680 2270 715 2327 et
732 2263 848 2340 armis,
866 2263 901 2326 in
917 2262 983 2326 hac
997 2263 1142 2327 victoria
1158 2261 1358 2327 Christiani.

451 2463 477 2502 n.
490 2463 515 2501 ιι.
526 2463 547 2500 ι.
558 2451 603 2662 o.
679 2463 702 2499 ι.
716 2462 878 2499 ιιοιιιιιοιιυιι
892 2462 917 2497 ιι.
1032 2461 1185 2496 ιιιιιοοιιιιιι
1224 2462 1363 2498 rucmauu

448 2549 589 2587 ucuxvur.
605 2549 749 2585 tumtunm
764 2549 804 2585 111.
824 2546 957 2584 sannarum
973 2547 991 2582 1.
1020 2546 1136 2582 nonovrcr
1147 2547 1193 2584 vu.
1221 2547 1366 2584 unurrmu.

687 2608 728 2654 19.
860 2608 954 2654 abab.
1085 2606 1127 2652 tr.
1274 2608 1316 2655 st.

270 2787 368 2828 avaron
483 2763 702 2826 Srnruruus
732 2754 967 2826 ³Redonensis
997 2760 1180 2842 episcopus
1206 2760 1303 2837 obiit,
1327 2760 1382 2823 cui

270 2842 389 2936 ἓῗὲἕιῗῖῗιω
433 2869 514 2925 ante
542 2863 699 2937 mortem,
721 2867 761 2924 ut
785 2860 859 2942 ipse
881 2859 995 2923 fassus
1016 2865 1081 2933 est,
1103 2877 1274 2941 apparens
1291 2879 1383 2942 quae-

269 2937 377 3027 ddiirpff
430 2961 511 3024 dam
529 2953 866 3042 4[persona],'parvo
883 2958 1021 3039 levique
1043 2957 1143 3021 sibilo
1165 2959 1255 3022 dixit
1269 2958 1302 3021 ei
1320 2957 1384 3022 hos

433 3079 574 3124 versus:
598 3059 750 3123 ‘Desine
775 3058 892 3121 ludere
922 3064 1071 3133 temere;
1107 3056 1217 3122 nitere
1243 3077 1384 3139 surgere

432 3178 577 3241 propere
593 3158 635 3222 de
648 3158 811 3241 pulvere?
855 3157 936 3238 Ipse
953 3156 1042 3218 enim
1060 3149 1198 3233 ⁵multa,
1215 3156 1385 3240 rythmico

432 3259 583 3322 carmine
599 3245 762 3340 et'prosa,
771 3255 922 3339 jocunde
939 3263 973 3318 et
990 3254 1031 3318 ad
1048 3254 1191 3336 plausus
1208 3255 1381 3320 hominum

432 3359 641 3440 scripserat3
676 3365 711 3420 et
734 3357 815 3439 quia
838 3355 1025 3418 Miserator
1050 3353 1225 3418 hominum
1248 3356 1383 3419 eumin

432 3458 590 3539 proximo
620 3457 825 3520 moriturum
856 3454 997 3529 sciebat,
1021 3454 1155 3517 monuit
1184 3474 1274 3531 eum,
1300 3462 1384 3518 uta

431 3557 561 3622 talibus
578 3557 754 3620 abstinens
769 3554 966 3637 poeniteret.

270 3677 344 3718 una
493 3655 700 3730 Willelmus,
733 3675 794 3718 rex
827 3652 965 3730 Siciliae,
1001 3651 1074 3716 fieri
1112 3653 1193 3716 fecit
1228 3652 1383 3717 chartam

271 3731 352 3769 ΝΜ
428 3754 455 3817 J
459 3748 597 3818 oannae⁶
619 3754 760 3836 reginae,
789 3752 890 3816 uxori
915 3771 1000 3828 suae,
1028 3750 1071 3815 de
1097 3752 1179 3817 dote
1212 3771 1290 3829 sua,
1319 3753 1384 3816 sub

470 3975 478 4006 ¹
496 3978 564 4026 Now
576 3978 706 4027 St.Valeri
718 3977 755 4026 les
767 3978 866 4026 Plains.
955 3974 964 4003 ⁴
981 3977 989 4003 ⁴
1003 3989 1111 4036 persona
1122 3971 1137 4036 ;‘
1163 3971 1247 4024 Hell’s
1265 3976 1384 4024 emenda-

468 4075 478 4108 ²
493 4079 556 4128 ‘lux
567 4093 659 4142 magna
669 4080 771 4128 veniens
779 4074 795 4138 3’
812 4079 859 4130 Ar.
919 4045 990 4142 ΗΘΒ]
1002 4039 1385 4163 ἕᾈῑὲὴίβῐὶιᾙὶἶωὲὲωὶῃθ,

467 4175 691 4240 ⁸‘Rod0nensis3’
706 4181 896 4231 butincorrect·
919 4187 983 4241 eta,
1000 4178 1067 4231 D’A.
1116 4130 1132 4175 y
1229 4149 1237 4174 ⁹
1369 4149 1378 4176 ’

432 4249 469 4312 ly.
507 4250 574 4298 Now
588 4250 696 4298 Rennes.
955 4249 1095 4302 ⁶Omitted
1106 4253 1132 4300 in
1143 4253 1182 4302 M.
