3170 5020
561 547 564 558 .
590 507 773 556 ANNALRS.
1091 495 1157 559 409

207 663 250 725 de
268 663 380 741 Brus;
404 668 438 726 et
456 662 521 726 hoo
543 663 683 744 expleto
707 681 883 744 nunquam
905 671 1025 726 contra
1040 661 1158 726 Chris·

208 761 321 825 tianos
352 781 448 824 arma
474 769 641 843 portaret,
671 761 731 825 sed
760 763 795 825 in
825 761 969 825 Terram
993 761 1156 826 Sanctam
1215 763 1219 770 '

208 861 281 923 sine
311 861 423 923 reditu
451 859 613 940 dirigeret
641 861 707 924 iter
732 881 843 924 suum.
908 861 1020 926 Vovit
1043 869 1157 928 autem
1170 883 1303 925 mannan

209 960 300 1040 regis
326 959 428 1036 filius,
453 959 544 1042 quod
571 979 747 1043 nunquam
773 960 860 1023 duas
886 967 1005 1024 noctes
1027 959 1062 1023 in
1088 978 1158 1024 uno
1171 935 1321 1025 iiiiii&

207 1059 285 1122 loco
301 1066 505 1136 moraretur,
522 1078 702 1141 quousque
717 1066 974 1141 prosecuturus,
991 1065 1159 1140 quantum

209 1157 244 1220 iu
269 1157 346 1239 ipso
368 1164 455 1235 erat,
480 1164 598 1222 votum
623 1163 815 1240 paternum,
832 1157 879 1225 ‚in
905 1157 1057 1221 Scotiam
1083 1176 1159 1238 per-

211 1256 356 1320 veniret.
412 1255 613 1321 Ceterorum
629 1265 713 1322 vota
729 1256 883 1323 militum,
893 1257 1065 1320 memoriae
1080 1275 1160 1324 ,non

209 1362 404 1419 occurrunt.

214 1483 219 1494 1
261 1454 466 1532 Edwardus,
482 1454 574 1518 filius
597 1456 690 1536 regis
707 1453 859 1536 Angliae,
876 1475 954 1519 cum
977 1473 1161 1518 numerosa
1171 1477 1302 1567 {graffium-

212 1553 378 1617 societate
390 1553 559 1638 juvenum
583 1554 748 1618 nobilium
770 1554 912 1620 infesto
935 1553 1309 1618 Pentecostesmaawan

213 1651 401 1716 Londoniis
416 1672 438 1716 a
454 1659 554 1736 patre
580 1654 785 1717 militaribus
808 1655 913 1717 armis
935 1654 1068 1718 cinctus
1085 1660 1138 1716 est
1151 1673 1160 1734 ;
1171 1627 1318 1716 iolffeffifm'

212 1751 334 1816 deinde
354 1771 431 1815 cum
457 1751 677 1816 multitudine
703 1753 853 1816 tironum
879 1752 1030 1817 Scotiam
1053 1753 1163 1816 conti.
1174 1726 1280 1766 smum·

213 1851 328 1914 nuatis
345 1842 462 1916 .¹dietis
484 1851 673 1929 contendit,
691 1851 735 1914 ad
761 1852 1013 1933 reprimendum
1037 1859 1163 1915 conata

213 1949 359 2014 Roberti
396 1950 451 2029 de..
479 1951 583 2027 Brus,
618 1951 790 2015 invasoris
827 1952 932 2032 regiae
970 1950 1163 2032 dignitatis,

213 2048 470 2113 Praecesserant
490 2068 572 2113 vero
596 2069 673 2113 eum
698 2048 903 2132 Aymericus
920 2049 971 2116 ¹de
988 2049 1163 2114 Valentiis

213 2166 328 2211 comes
344 2147 582 2224 Penbrocbiae,
601 2148 776 2212 Robertus
794 2148 836 2212 de
847 2146 1002 2224 Clifford,
1012 2154 1047 2211 et
1063 2147 1162 2210 Hen-

212 2247 304 2310 ricus
320 2245 363 2309 de
381 2245 495 2323 Peroi,
512 2245 607 2310 missi
622 2265 644 2309 a
656 2265 737 2327 rege
755 2266 832 2310 cum
847 2265 951 2309 mann
967 2253 1102 2311 armata
1119 2245 1162 2308 ad

213 2346 313 2410 novis
330 2344 478 2409 motibus
493 2344 733 2408 resistendum.
772 2339 874 2427 ²Ipse
892 2365 974 2409 vero
991 2365 1052 2410 rex
1068 2345 1163 2409 lento
1175 2365 1282 2416 Tnektng

215 2444 325 2526 gradu
359 2450 511 2522 secutus,
543 2451 796 2508 convocaverat
829 2444 1030 2521 exercitum,
1060 2415 1265 2527 quemiiffl'ii'

215 2543 307 2626 apud
324 2542 520 2608 Karliolnm
534 2542 641 2626 jussit
665 2561 741 2606 esse
755 2550 916 2625 paratum
932 2544 969 2606 in
991 2542 1165 2624 quindena
1176 2516 1282 2606 iiiiii..

216 2643 252 2706 S.
275 2641 298 2705 J
301 2643 422 2706 oannis
449 2641 621 2724 Baptistae
645 2642 683 2705 in
702 2659 882 2706 occursum
908 2641 971 2705 filii
993 2643 1060 2718 sui,
1086 2661 1165 2705 cum

216 2742 335 2806 eodem
363 2741 506 2806 ulterius
523 2760 797 2823 progressurum.
849 2735 1012 2807 ⁸Interim
1029 2741 1164 2808 Rober-

216 2849 273 2906 tus
301 2842 343 2906 de
370 2842 461 2905 Brus
485 2841 653 2904 circuiens
678 2849 816 2918 terram,
839 2848 875 2904 et
891 2839 1053 2922 homagia
1078 2839 1165 2908 mul-

215 2948 327 3006 torum
369 2941 549 3023 recipiens,
585 2940 778 3004 coadunato
821 2940 975 3004 exercitu
1014 2940 1165 3022 copioso,

216 3041 519 3123 appropinquavit
529 3040 574 3103 ad
597 3040 715 3103 villam
732 3033 862 3104 ⁴sancti
878 3038 901 3102 J
904 3039 1037 3116 oannis
1054 3039 1091 3102 in
1108 3058 1167 3103 cu-

214 3138 274 3221 jus
303 3138 500 3221 praesidium
530 3158 639 3220 nuper
669 3138 858 3202 advenerat
888 3135 1093 3221 Aymericus
1123 3136 1167 3201 de

216 3236 400 3301 Valentiis.
445 3236 590 3319 Equites
606 3243 722 3300 autem
739 3235 921 3300 Scotorum
935 3254 1054 3300 omnes
1067 3236 1167 3302 lineis

217 3355 322 3418 super
338 3353 433 3399 arma
449 3354 524 3411 sua,
540 3328 600 3398 ⁵ne
622 3327 909 3411 discernerentur,
935 3334 1047 3398 induti
1069 3339 1168 3398 erant
1198 3407 1200 3410 ¹

219 3455 264 3498 ex
289 3435 391 3518 jussu
421 3433 586 3517 principis
612 3433 667 3497 sui
694 3434 785 3498 novi.
848 3432 1023 3498 Invitatus
1056 3434 1099 3496 ab
1126 3453 1167 3496 eo

219 3533 423 3616 Aymericns
441 3533 483 3596 de
501 3550 688 3614 congressu
714 3531 903 3617 respondit,
920 3533 1011 3613 quod
1030 3551 1108 3595 cum
1126 3551 1167 3596 eo

253 3756 263 3787 ¹
278 3758 341 3806 This
355 3757 426 3806 word
437 3756 460 3805 is
474 3755 538 3804 from
552 3752 601 3805 Ar.
616 3759 681 3815 2203
706 3755 843 3815 prioratum
855 3755 881 3803 in
892 3754 1004 3804 marchia
1012 3755 1114 3816 Scotiae,
1125 3757 1170 3817 qui

220 3828 263 3877 the
273 3827 345 3877 other
355 3827 431 3877 MSS.
444 3826 508 3875 bave
519 3819 642 3876 ‘diebus’
707 3824 877 3873 Landerecost
901 3825 1004 3886 dicitur,
1030 3825 1170 3886 declinans,

706 3895 799 3943 mansit
815 3894 909 3942 ibidem
924 3899 977 3943 toto
992 3899 1102 3955 tempore
1117 3894 1171 3943 hie-

223 3981 225 3986 ’
254 3964 264 3995 ¹
280 3967 353 4015 ‘Rex
368 3969 451 4014 autem
463 3964 519 4026 ipse
530 3977 612 4025 usque
624 3963 683 4012 Sco·
707 3963 768 4012 mali
775 3959 790 4022 ς’
802 3963 840 4012 M.

220 4039 281 4086 tiam
300 4050 357 4085 cum
376 4036 403 4082 in
424 4035 516 4083 lectica
536 4033 684 4094 deportatus
743 4029 754 4060 ⁸
769 4033 883 4082 ‘Iterum
893 4026 909 4094 ;'
922 4033 982 4088 Cod.
994 4032 1059 4094 Reg.

221 4108 364 4155 Eboracum
385 4104 525 4165 transisset,
541 4103 621 4164 coepit
638 4103 684 4164 dy·
743 4099 753 4129 ⁴
770 4102 835 4151 ‘Sti
847 4101 954 4150 Joannis
965 4101 997 4150 de
1010 4096 1095 4162 Pert3’
1107 4102 1146 4151 M.

222 4177 333 4226 senteria
351 4174 481 4232 laborare3
498 4172 684 4233 propterquod
744 4169 846 4232 ⁶‘nt3’
870 4172 924 4220 M.:
953 4170 1037 4220 vvbich
1065 4173 1171 4233 reading

219 4245 346 4308 quendam
354 4245 492 4306 Nigrorum
500 4240 685 4292 canonicorum
710 4236 870 4293 D’Acberius
881 4255 1005 4302 approves
1015 4241 1050 4292 oi.
