3170 5020
599 541 782 594 saratas.
1101 528 1167 594 363

215 711 336 787 ceptus
360 704 396 767 iu
419 702 568 786 quadam
591 702 674 767 villa
695 703 802 786 juxta
823 709 961 786 portum
983 703 1043 784 qui
1058 703 1165 768 ‘voea-

216 813 273 869 tur
301 804 467 868 Exclusa.
504 795 651 866 ¹Nautae
673 802 885 867 Portuenses
911 808 948 866 et
974 801 1166 867 Gernemu.

215 905 354 968 thenses
390 909 511 967 mutuo
550 901 739 983 flagrantes
777 903 866 978 odio,
896 903 1072 967 evacuatis
1103 921 1165 968 na-

216 1006 317 1071 vibus
343 1004 386 1068 ab
405 1002 459 1067 his
478 996 576 1086 ²quae
599 1002 746 1068 militum
771 1009 882 1079 erant,
910 1009 1095 1067 conserunt
1120 1004 1163 1067 ad
1266 1030 1267 1033 ¹

214 1105 361 1169 invicem
397 1121 540 1185 gravem
577 1120 755 1185 pugnam3
794 1103 1166 1186 succumbentibusque

216 1203 570 1268 Gernemuthensibus
614 1202 657 1266 de
690 1195 853 1267 ³uavibus
891 1221 1009 1266 eorum
1041 1202 1166 1284 viginti

217 1305 369 1386 quinque
401 1302 559 1367 incendio
584 1309 844 1367 consumuntur.
907 1302 988 1367 Rex
1013 1300 1327 1384 Angliaaranaann·

218 1405 386 1486 Brugiam
409 1403 562 1479 veniens,
591 1420 768 1466 assensum
794 1401 1001 1466 villanorum
1022 1401 1059 1465 in
1082 1372 1323 1466 con-iffiffiffs.

216 1503 376 1581 ditiones,
400 1503 628 1586 interipsum
657 1509 693 1567 et
715 1502 874 1566 comitem
900 1502 1016 1579 initas,
1042 1502 1166 1584 petivit

218 1623 263 1668 ex
294 1610 394 1686 parte
421 1620 485 1667 sua
514 1609 550 1666 et
576 1603 723 1679 comitis,
747 1601 964 1666 medietatem
998 1620 1166 1685 expensa-

217 1723 291 1766 rum
303 1702 448 1768 offerens
462 1703 506 1767 ad
522 1702 741 1766 muniendam
759 1701 1031 1784 cingendamque
1048 1702 1166 1767 villam

215 1803 359 1868 fossato.
412 1801 501 1882 Quae
526 1823 604 1867 cum
631 1802 751 1868 villani
773 1807 969 1878 renuerent,
1000 1803 1166 1885 comperit

217 1923 277 1968 eos
310 1923 332 1967 a
355 1923 419 1967 suo
442 1905 610 1968 alienatos
636 1903 800 1981 dominio,
829 1910 864 1967 et
892 1901 934 1966 ad
959 1901 1165 1966 reddendam

218 2003 335 2067 villam
360 2002 506 2067 Gallicis
535 2002 743 2082 inclinatos3
776 2010 1009 2085 reputansque
1031 2003 1165 2085 pericu·

216 2102 328 2167 losum
361 2121 493 2166 moram
525 2101 639 2166 facere
669 2103 761 2165 inter
795 2102 1001 2184 proditores
1032 2109 1166 2166 armato

217 2203 372 2266 exercitu
403 2201 594 2278 discedens,
623 2219 743 2265 versus
775 2201 894 2264 villam
923 2194 1166 2282 ⁴[Gandaven-

217 2319 290 2365 sem
310 2301 430 2383 dirigit
451 2302 519 2365 iter
543 2319 668 2380 suum3
692 2300 852 2364 abidum
873 2308 1068 2365 moraretur
1089 2321 1166 2377 rex,

216 2402 359 2466 suborta
392 2407 445 2464 est
475 2400 567 2482 apud
600 2400 735 2482 villam]
768 2400 961 2465 Damonem
994 2400 1167 2464 discordia

215 2502 307 2565 inter
333 2495 512 2590 ⁵villanos¹
529 2507 565 2564 et
595 2497 775 2581 Anglicos,
802 2499 862 2582 qui
890 2500 1020 2564 statim
1043 2501 1167 2564 armati

214 2601 333 2665 villam
361 2601 472 2682 ipsam
502 2599 620 2664 multis
646 2599 835 2664 interfectis
865 2599 1053 2682 depraedati
1080 2607 1163 2664 suut

214 2701 251 2765 in
278 2689 530 2782 displicentiam
559 2718 722 2781 magnam
750 2700 851 2781 regis.
904 2699 984 2764 Rex
1011 2699 1163 2764 Franco·

215 2820 304 2877 rum,
332 2799 451 2864 audito
476 2799 626 2864 adventu
657 2800 749 2882 regis
774 2797 968 2882 Anglorum
993 2798 1029 2864 in
1059 2799 1164 2863 Flau-

214 2899 337 2978 driam,
359 2885 579 2965 vehementer
597 2907 850 2978 consternatus,
873 2899 918 2964 ad
935 2900 1039 2964 unius
1061 2900 1164 2964 dietae

215 3001 365 3083 spatium
384 3019 422 3064 se
437 2999 623 3064 subtraxit.
1114 3025 1117 3034 ·

259 3100 403 3163 Interim
427 3118 518 3182 papa
540 3099 740 3164 Bonisaeius
766 3099 976 3182 principibus
997 3098 1163 3164 Alemau-
1176 3122 1277 3162 sonum

215 3200 282 3262 uiae
308 3200 458 3280 scripsit,
481 3206 522 3263 ut
550 3219 664 3281 regem
692 3195 872 3276 Adulfum,
895 3196 1014 3284 (cujus
1043 3218 1161 3263 occur·
1176 3174 1311 3263 {effidima

214 3318 290 3362 sum
305 3299 341 3361 in
361 3298 527 3362 Flandria
543 3305 744 3381 speraverat
761 3318 825 3363 rex
840 3294 991 3379 Angliee,
1007 3305 1046 3362 ut
1061 3298 1163 3361 simul
1175 3284 1264 3375 {ff

213 3418 292 3462 cum
315 3399 440 3464 comite
462 3417 683 3481 oppressores
702 3399 948 3487 invasoresque
971 3416 1054 3462 suos
1076 3395 1163 3461 Gal·

213 3498 298 3563 licos
325 3497 574 3581 propulsaret)
603 3506 775 3563 commoto
802 3497 892 3562 bello
920 3497 1163 3580 inquietarent,

212 3606 248 3662 et
277 3600 321 3663 ab
344 3599 523 3664 invasione
550 3598 764 3663 Gallicorum
789 3597 900 3662 modis
921 3597 1079 3661 omnibus
1101 3598 1164 3662 im·

211 3698 378 3780 pedirent.
432 3697 585 3764 Comites
604 3698 800 3763 Herfordiae
815 3705 851 3763 et
870 3697 1163 3761 Marescallicum

212 3799 435 3882 complicibus
461 3799 545 3876 suis,
577 3805 658 3882 post
681 3798 772 3880 regis
800 3799 996 3875 transitum,
1026 3797 1162 3862 thesau-

211 3899 304 3962 rario
329 3907 365 3963 et
389 3900 577 3963 baronibus
599 3899 641 3963 de
664 3899 837 3963 scaccario
862 3897 1096 3974 inhibuerunt,
1119 3917 1162 3962 ue

247 4121 674 4174 ¹‘MarinariidePortabusetde
737 4121 816 4175 ⁴i.e.
844 4121 951 4172 Gheut:
985 4121 1028 4170 the
1059 4127 1111 4173 rest
1136 4125 1163 4172 in

209 4194 533 4312 Japnemlpisrj'fllllemlll.
701 4193 818 4244 brackets
830 4192 1066 4246 isornittrdiuAr.

245 4332 256 4365 ³
272 4279 426 4395 ‘enodibusd
438 4332 507 4384 D'A.
733 4331 744 4362 ⁸
760 4328 948 4396 ‘Wallenses3'
961 4334 1087 4383 Matar.
