3204 5028
602 516 781 564 numanus.
1121 503 1166 567 65

260 671 341 736 Rex
357 671 544 750 Henricus,
564 674 755 756 pacificatis
777 673 879 738 rebus
893 671 1092 750 Vaseoniae,
1112 693 1163 738 re-
1175 689 1292 780 mm

208 790 329 835 versus
349 773 386 836 in
413 773 663 837 Normanniam
689 773 770 838 fecit
799 780 952 837 castrum
975 773 1305 840 munitissimam-nn,

206 889 302 933 mum
324 873 471 956 burgum
499 872 630 954 grande
650 872 757 955 juxta
784 872 898 936 haiam
925 873 968 935 de
998 872 1162 949 Malafee,

206 970 301 1050 quod
318 972 477 1036 Beauver
492 980 653 1050 vocatur3
682 970 764 1036 fecit
776 979 812 1035 et
832 971 1028 1034 molendina
1045 972 1165 1053 etpis-

207 1070 320 1132 carias
350 1069 552 1151 Audegavis
585 1070 621 1133 in
653 1070 794 1133 flumine
819 1070 1017 1133 Meduanee.
1076 1069 1162 1133 Cum

204 1167 403 1232 Willelmus
422 1169 550 1235 Goieth
573 1162 718 1233 ¹obisset
740 1169 776 1233 in
800 1169 923 1232 itinere
945 1168 1163 1251 lerosolymi-

205 1273 304 1343 tano,
326 1275 361 1332 et
378 1279 494 1332 ¹comes
512 1267 721 1333 Porticensis
737 1267 842 1332 vellet
858 1286 1028 1351 occupare
1044 1261 1163 1331 2Μοιι-

205 1366 481 1430 tem-mirabilem
509 1375 544 1432 et
570 1367 657 1431 alias
687 1366 866 1430 firmitates
894 1366 1047 1449 ejusdem
1069 1366 1159 1431 Wil-

204 1463 312 1541 lelmi,
330 1472 365 1529 et
380 1466 555 1531 Heuricus
578 1466 620 1530 de
645 1465 743 1542 Iven,
761 1466 820 1548 qni
842 1464 885 1529 de
907 1465 1034 1528 eisdem
1057 1464 1162 1528 firmi·

205 1563 337 1626 tatibus
360 1565 500 1629 saisitus
522 1565 645 1641 fuerat,
669 1565 751 1646 quia
772 1564 878 1627 filiam
900 1563 1054 1647 ejusdem
1075 1563 1163 1627 dux-

205 1669 295 1738 erat,
311 1683 380 1727 non
396 1670 515 1746 posset
535 1665 695 1728 resistere
717 1663 835 1727 comiti
851 1662 1065 1739 Theobaldo,
1081 1683 1161 1745 rege

207 1759 422 1824 Francorum
445 1762 633 1846 adjuvante
654 1769 772 1844 partes
792 1761 881 1845 ejus,
902 1762 1016 1826 dictus
1034 1763 1160 1829 Heuri-

204 1878 267 1922 cus
290 1862 355 1924 sub
376 1863 479 1925 certis
495 1861 712 1944 pactionibus
734 1861 872 1924 easdem
890 1860 1070 1925 firmitates
1092 1869 1161 1924 tra-

203 1958 294 2022 didit
320 1959 394 2040 regi
419 1958 635 2042 Anglorum;
666 1966 809 2042 propter
835 1960 928 2040 quod
954 1960 1161 2024 resuscitata

205 2064 260 2121 est
276 2057 448 2123 discordia
462 2059 665 2140 interreges
683 2065 718 2122 et
732 2059 892 2122 comitem
909 2057 1160 2123 Theobaldum.

207 2155 368 2220 Hilarius
401 2156 627 2222 cicestrensis
656 2164 691 2222 et
718 2157 879 2240 Nigellus
910 2157 1059 2221 Eliensis
1090 2156 1162 2240 epi-

206 2255 304 2338 scopi
319 2255 489 2320 obierunt.

224 2511 251 2546 l).
263 2511 289 2546 ll.
301 2508 321 2545 J·
332 2509 355 2544 0.
436 2509 459 2544 P.
472 2509 635 2544 ROMANORUM
648 2510 672 2544 lt.
775 2509 929 2544 FRANOORUM
988 2509 1128 2545 suetonum

238 2595 336 2632 uonxx.
372 2596 518 2632 lnuxuunnr
530 2596 569 2631 111.
585 2595 719 2631 runnuurcr
729 2598 748 2636 r.
770 2596 886 2633 conovrcr
897 2597 945 2634 vrr.
988 2595 1090 2630 uunurcr
1100 2596 1129 2631 rr.

453 2656 493 2702 11.
620 2657 662 2701 lt.
674 2656 714 2702 18.
838 2657 879 2702 ³3.
1039 2655 1078 2700 16.

259 2791 376 2854 Manu
393 2791 484 2854 circa
501 2790 744 2872 aequinoctium
760 2789 912 2866 vernale,
934 2789 1060 2854 limites
1078 2808 1160 2853 suos

206 2891 389 2966 excedens,
424 2909 551 2954 messes
578 2909 658 2972 quae
691 2909 798 2972 prope
830 2895 929 2952 erant
960 2889 1158 2953 absorbuit:

206 2989 451 3072 alluvioneque
484 2988 559 3072 ejus
593 3007 674 3052 ossa
715 2987 895 3071 cujusdam
934 2988 1087 3069 gigantis
1124 2988 1160 3050 in

207 3087 339 3170 Anglia
360 3089 495 3152 detecta
524 3093 616 3163 sunt,
642 3086 754 3170 cujus,
778 3093 818 3149 ut
839 3085 964 3162 ferunt,
988 3087 1158 3169 quinqua·

207 3189 307 3270 ginta
323 3187 449 3270 pedum
467 3192 542 3249 erat
558 3187 712 3268 corporis
729 3184 920 3265 longitudo.
961 3184 1041 3249 Rex
1060 3186 1158 3249 Hen—
1170 3201 1299 3241 mucrones

208 3287 314 3362 ricus,
340 3286 376 3348 in
401 3283 562 3365 Angliam
588 3283 827 3360 transfretans
850 3283 1003 3363 graviter
1024 3284 1159 3366 punivit
1170 3255 1275 3350 lviidie.

206 3384 442 3460 vicecomites,
457 3384 517 3464 qui
533 3382 698 3465 populum
714 3382 909 3446 afflixerant
921 3382 1159 3445 exactionibus

208 3491 245 3548 et
261 3483 402 3566 rapinis·
441 3480 529 3546 Post
540 3480 779 3545 Pentecostem
797 3500 860 3543 rex
874 3478 1022 3560 Angliae,
1035 3485 1159 3545 vocato
1171 3497 1297 3536 coronatur

209 3583 360 3647 filiosuo
372 3580 529 3644 Heurico
544 3580 580 3642 in
593 3577 770 3661 Angliam,
789 3579 870 3643 fecit
887 3596 977 3652 eum,
995 3597 1072 3640 cum
1083 3578 1159 3661 jam
1171 3547 1282 3646 irfeliyfm

209 3680 405 3764 quindecim
422 3698 531 3743 annos
553 3679 770 3762 complesset,
791 3697 853 3758 per
874 3676 1051 3756 Rogerum
1070 3675 1162 3740 Ebc-

208 3799 387 3845 racensem
414 3777 709 3860 archiepiscopum
737 3775 889 3862 (Thema
920 3773 1162 3839 cantuariensi

210 3879 325 3944 adhuc
359 3879 394 3940 in
425 3877 582 3960 partibus
617 3875 808 3940 Gallicanis
841 3870 1092 3957 commorante)
1126 3873 1163 3936 in

209 3973 346 4060 ³regem
363 3976 460 4058 ungi,
489 3981 525 4039 et
548 3974 745 4038 solemniter
773 3974 941 4038 coronari.
994 3972 1164 4036 Interfue·

247 4205 254 4235 ¹
274 4202 410 4264 ‘abisset3’
421 4203 491 4254 n’A.
736 4199 840 4250 ³‘cist
859 4201 941 4249 Henri
960 4199 1049 4248 Tierce
1070 4204 1166 4246 morast

245 4274 257 4307 ²
273 4275 452 4337 Mont-mirail,
463 4275 489 4322 in
501 4274 539 4323 Lu
551 4274 621 4322 Brie.
702 4273 795 4320 devant
806 4285 850 4320 son
862 4265 946 4331 pere;'
958 4268 1010 4316 Old
1019 4268 1115 4316 French
1124 4267 1166 4316 Tr.

996 4359 1016 4403 F
