3252 5026
803 339 880 386 k

613 529 792 580 Anninus.
1112 516 1177 582 173

223 690 320 765 tiam,
347 689 406 751 ubi
431 695 503 752 tum
533 688 672 768 vigebat
695 688 847 753 studium
870 688 1042 769 generale,
1071 686 1327 794 coePllgffiffissl,

225 788 449 853 eruditionem
473 787 655 870 diligenter
681 788 870 864 intendere,
896 794 931 852 et
960 788 1096 851 omissis
1118 787 1178 851 fri·
1214 782 1219 792 '
1329 776 1334 788 ’

227 888 326 966 volis,
355 889 480 970 quibus
503 888 592 952 solet
626 896 712 952 aetas
736 881 1004 952 ¹adolescentior
1029 887 1178 965 effluere,
1280 903 1281 910 ¹

223 1007 299 1052 sese
324 988 568 1052 maturioribus
596 988 719 1052 studiis
748 1007 944 1071 occupare3
979 995 1025 1065 et,
1045 994 1083 1052 ut
1103 988 1177 1051 ani-

226 1108 317 1152 mum
347 1108 448 1151 suum
479 1089 681 1152 transferret
712 1087 849 1170 plenius
883 1088 926 1152 ad
960 1089 1178 1170 sapientiam,

224 1181 416 1253 ²abstraxit
441 1207 463 1251 a
488 1189 570 1251 vino
595 1208 657 1270 per·
677 1187 878 1251 decennium
905 1207 1042 1252 carnem
1068 1207 1178 1253 suam.

227 1288 452 1354 Postmodum
470 1307 565 1365 vero,
584 1288 794 1352 lassescente
813 1288 1003 1365 stomacho,
1024 1289 1178 1370 compul-

227 1408 286 1452 sus
303 1397 356 1452 est
371 1389 415 1452 ab
438 1388 600 1470 episcopo
625 1387 760 1452 Didaco
783 1388 906 1452 saltem
931 1394 1122 1470 temperato
1144 1395 1180 1451 et

226 1487 360 1552 modico
377 1487 457 1552 vine
475 1488 538 1551 uti.
580 1487 796 1552 Liberalibus
810 1495 926 1551 autem
941 1487 1073 1551 artibus
1087 1507 1180 1552 com-

226 1596 381 1670 petenter
417 1587 618 1664 instructus,
654 1587 698 1651 ad
734 1587 916 1669 theologiae
955 1588 1106 1651 studium
1142 1607 1180 1652 se

228 1688 418 1764 transtulit,
442 1688 617 1770 coepitque
643 1687 863 1752 vehementer
884 1688 1009 1751 divinis
1034 1687 1180 1771 eloquiis

227 1787 380 1866 inhiare3
410 1807 474 1851 nec
498 1787 609 1850 solum
632 1800 829 1851 sanctarum
856 1787 1120 1852 meditationum
1146 1796 1182 1852 et

227 1887 446 1952 affectionum
469 1894 615 1968 segetes,
641 1888 701 1951 sed
725 1888 893 1952 bonorum
916 1907 1059 1969 operum
1089 1889 1180 1951 fruc-

228 1995 283 2050 tus
305 1987 493 2051 uberrimos
515 1986 736 2068 producebat.
790 1987 898 2050 Fame
921 2006 1070 2070 namque
1094 2008 1183 2070 prae-

228 2086 343 2151 valida
380 2087 416 2150 in
450 2086 618 2150 universis
654 2086 836 2170 Hispaniae
872 2088 1029 2168 partibus
1065 2087 1181 2169 ingru-

229 2194 318 2264 ente,
350 2187 462 2250 adbuc
491 2205 635 2250 manens
658 2186 828 2250 Palentiae
857 2179 913 2250 ³ut
939 2187 1025 2252 vidit
1057 2206 1182 2268 egeno-

230 2307 305 2351 rum
329 2287 497 2361 miserias,
524 2287 762 2368 neminemque
783 2286 1046 2363 consolatorem,
1066 2288 1182 2350 anxiae

229 2387 411 2452 admodum
441 2393 556 2450 motus
590 2386 837 2468 compassionis
869 2386 1006 2462 affectu,
1033 2386 1181 2450 venditis

229 2488 337 2565 libris,
373 2507 459 2571 quos
494 2486 596 2550 valde
629 2487 840 2550 necessarios
879 2485 1038 2564 habebat,
1072 2487 1182 2550 omni-

230 2606 297 2668 que
323 2586 541 2667 supellectili,
572 2594 751 2668 acceptum
779 2586 927 2667 pretium
957 2586 1119 2669 dispersit
1148 2593 1183 2651 et

230 2686 325 2750 dedit
342 2686 561 2767 pauperibus.
614 2686 758 2750 Talibus
775 2693 890 2750 autem
908 2687 1074 2751 virtutum
1091 2685 1183 2750 flori-

230 2787 294 2849 bus
317 2786 352 2848 in
376 2787 479 2848 beato
496 2786 570 2849 viro
593 2786 792 2867 gratissima
808 2793 993 2850 venustate
1009 2785 1183 2851 vernanti·

230 2886 307 2962 bus,
337 2886 443 2969 coepit
472 2885 557 2948 odor
584 2886 781 2950 sanctitatis
811 2885 887 2969 ejus
915 2887 1183 2969 circumquaque

231 2985 395 3063 diffundi3
434 3003 611 3066 quaecum
637 2985 846 3050 Oxomensis
875 2985 1029 3070 episcopi
1057 2986 1183 3050 Didaci

232 3085 405 3167 attigisset
420 3085 587 3161 auditum,
604 3086 768 3148 continuo
787 3087 989 3150 accersitum
1006 3085 1087 3150 fecit
1104 3105 1183 3149 eum

232 3186 267 3248 in
290 3184 435 3249 ecclesia
457 3203 520 3247 sua
548 3185 748 3248 canonicum
772 3185 977 3266 regularem.
1023 3184 1094 3264 Qui
1115 3193 1184 3249 sta-

233 3286 294 3349 tim
311 3285 400 3348 inter
415 3284 598 3348 canonicos
611 3284 707 3348 velut
724 3284 899 3366 singulare
909 3285 1016 3368 jubar
1033 3286 1184 3362 emicuit,

231 3393 268 3448 et
297 3384 339 3448 de
368 3385 497 3448 virtute
526 3385 561 3447 in
588 3384 751 3447 virtutem
779 3385 866 3447 mira
896 3384 1072 3448 celeritate
1105 3405 1184 3466 pro-

232 3484 362 3560 ficiens,
380 3483 532 3547 omnium
552 3484 588 3545 in
612 3503 649 3547 sc
674 3485 874 3565 provocavit
891 3483 1064 3548 affectum.
1115 3483 1184 3547 Mi·

232 3591 352 3648 rantur
377 3583 533 3646 canonici
561 3589 632 3646 tam
659 3584 810 3646 subitum
837 3582 1012 3664 religionis
1040 3584 1185 3665 apicem,

232 3692 267 3748 et
285 3703 361 3748 eum
378 3683 459 3746 licet
476 3681 623 3748 invitum
639 3682 705 3746 sibi
722 3683 941 3746 constituunt
957 3682 1183 3764 subpriorem.

233 3783 303 3863 Qui
321 3783 434 3846 tactus
455 3782 613 3845 omnibus
636 3782 719 3846 vitae
742 3782 932 3864 speculum,
956 3790 991 3846 et
1008 3783 1185 3864 religionis

230 3883 442 3964 exemplum,
471 3882 506 3944 in
537 3883 693 3946 oratione
726 3882 898 3959 assiduus,
927 3882 1072 3946 caritate
1098 3901 1187 3964 prae-

232 4059 327 4122 proved
346 4059 381 4119 by
398 4058 441 4106 tbe
461 4057 596 4107 historicus
613 4058 641 4108 ol
656 4057 697 4107 the
759 4057 896 4110 ¹M.etAr·.
907 4077 913 4109 ι
925 4059 1162 4109 ‘adolescentiorum
1171 4051 1186 4120 ;’

232 4129 387 4191 Order,who
398 4127 470 4176 show
479 4127 534 4176 that
543 4129 662 4177 Valentia
673 4133 699 4176 at
726 4130 785 4178 cod.
800 4132 864 4193 Reg.

233 4200 288 4249 that
298 4198 386 4260 period
395 4211 450 4245 was
462 4198 612 4259 completely
621 4198 646 4245 in
658 4197 699 4246 the
759 4227 950 4282 ²‘nbstinuit·’
963 4232 1002 4281 Ar

232 4268 356 4331 powerol
363 4269 406 4316 the
416 4268 516 4328 Arabs3
536 4269 627 4329 script.
636 4268 700 4318 Ord.
935 4268 942 4293 ’
1004 4268 1011 4281 ‘

234 4340 312 4390 Pred.
324 4340 342 4389 i.
355 4342 380 4401 3,
391 4341 448 4386 note
460 4349 483 4386 c.
762 4333 772 4363 ³
787 4335 862 4385 ‘curn
874 4335 993 4396 videret3'
1004 4334 1051 4384 Ar.
