3252 5026
445 505 510 575 182
803 521 877 570 ivre.
900 521 1049 570 vulvum

448 683 554 746 travit
570 680 723 765 Apuliae,
740 682 900 746 auferens
920 680 1005 744 illud
1027 680 1101 762 regi
1122 679 1252 744 Siciliae
1277 677 1401 742 Frede-

448 784 530 846 rico.
568 782 665 846 Crux
677 789 799 846 contra
811 780 1018 863 Albigenses
1032 781 1075 844 de
1090 780 1254 844 mandato
1271 779 1401 843 domini

448 903 549 965 papae
572 883 607 946 in
626 883 775 946 Francia
797 881 1017 964 praedicatur.
1069 874 1273 944 ¹Multitudo
1294 880 1403 960 igitur

449 982 664 1046 Gallicorum
693 991 815 1046 contra
847 982 926 1045 fidei
959 980 1099 1062 refugas
1139 979 1304 1062 profecta,
1340 979 1402 1043 ad-

444 1081 569 1166 juncto
600 1083 666 1146 sibi
695 1083 820 1146 comite
850 1081 1061 1157 Tholosano,
1093 1074 1261 1145 ²Viterim
1291 1079 1402 1162 primo

449 1202 491 1246 ac
520 1183 644 1247 deinde
674 1182 906 1247 Carcasonam
940 1181 1100 1245 obsident
1125 1187 1161 1244 et
1187 1187 1403 1263 expugnant.

450 1282 607 1367 Moxque
631 1283 803 1348 reversuri
829 1282 873 1346 ad
894 1282 1046 1365 propria,
1069 1282 1228 1346 comitem
1253 1279 1404 1344 Montis-

448 1383 548 1448 fortis
573 1383 761 1461 Simonem,
782 1383 894 1448 virum
919 1381 1025 1446 armis
1050 1387 1231 1446 strenuum
1257 1389 1293 1444 et
1320 1400 1402 1444 con·

449 1483 526 1548 silio
545 1483 743 1561 discretum,
766 1482 832 1548 toti
848 1482 1042 1565 praeficiunt
1059 1482 1204 1564 regioni.
1257 1479 1323 1545 oui
1340 1479 1403 1543 ed·

449 1582 588 1647 modum
603 1583 782 1648 familiaris
799 1590 876 1647 erat
890 1582 1014 1646 beatus
1029 1581 1246 1657 Dominicus,
1263 1587 1405 1663 propter

449 1703 665 1748 communem
695 1685 805 1748 zelum
834 1682 1001 1746 adversus
1033 1682 1272 1746 haereticorum
1303 1680 1405 1763 perfi-

449 1783 562 1862 diam3
596 1791 718 1848 contra
753 1802 840 1868 quos
876 1783 935 1846 illc
974 1782 1145 1846 materiali
1175 1781 1304 1862 gladio,
1337 1781 1403 1844 iste

449 1883 623 1965 spirituali
649 1885 709 1967 qui
733 1891 788 1948 est
816 1883 958 1947 verbum
985 1883 1071 1960 Dur,
1099 1881 1237 1949 assidue
1262 1881 1404 1945 dimica·

449 1983 546 2047 bant.
599 1983 708 2066 Hugo
739 1983 925 2048 Wellensis
959 1983 1233 2059 archidiaconus
1268 2000 1404 2063 germa-

451 2103 516 2148 nus
540 2082 690 2149 Jocelini
716 2083 971 2159 Bathoniensis,
999 2083 1040 2147 fit
1063 2082 1316 2149 Lincolniensis
1334 2083 1404 2165 epi·

450 2203 587 2266 scopus.

466 2417 597 2454 nuuc.
684 2416 923 2454 mrounrvoruus.
1025 2415 1179 2452 rauracorum
1233 2419 1373 2454 suanorum

457 2475 596 2544 W
614 2505 762 2544 mrvocsuru
774 2505 815 2542 111.
833 2505 942 2542 ornours
953 2505 987 2544 ιν.
1028 2505 1139 2541 Prummu
1151 2507 1181 2543 11.

695 2567 735 2612 12.
874 2566 949 2612 l.12.
1082 2566 1124 2610 29.
1286 2567 1325 2613 ll.

254 2701 257 2710 ¹
289 2740 440 2782 renotentur.
502 2721 756 2784 Irvrvocnrvvrus
778 2739 872 2803 papa
894 2721 930 2785 in
955 2721 1129 2786 Othonem
1151 2723 1405 2805 imperatorem,

289 2791 436 2833 excommnni-

289 2849 351 2942 ἓξὲξ
352 2842 418 2931 31:2⁰¹
453 2819 607 2884 ecclesiae
636 2820 806 2884 Romanae
839 2821 1012 2899 rebellem,
1044 2824 1409 2890 excommunicationis

291 2944 411 3030 semath
454 2919 661 2984 sententiam
675 2919 883 2997 fulminavit,
903 2923 1144 3004 principesque
1164 2923 1347 2988 Teutoniae
1363 2927 1408 2989 ab

290 2993 440 3092 iiiiii&
451 3020 527 3103 ejus
549 3019 716 3084 fidelitate
738 3020 911 3101 absolvit;
935 3041 976 3086 ac
999 3042 1042 3086 ne
1060 3023 1138 3107 quis
1157 3042 1235 3086 eum
1258 3025 1407 3107 impera·

453 3127 562 3184 torem
597 3120 789 3202 appellaret
818 3122 999 3186 interdixit
1031 3123 1096 3186 sub
1127 3123 1407 3190 interminatione

452 3219 695 3285 anathematis.
748 3221 1073 3287 Excommunicavit
1095 3223 1199 3287 etiam
1222 3223 1245 3287 J
1248 3243 1407 3303 oannem,

453 3340 570 3401 regem
601 3319 755 3402 Angliae,
791 3342 854 3405 pro
896 3341 937 3386 eo
978 3322 1071 3406 quod
1112 3323 1408 3407 archiepiscopum

453 3420 666 3504 Stephanum
703 3420 748 3485 ad
786 3442 885 3487 suam
925 3422 1104 3486 ecclesiam
1142 3424 1305 3488 accedere
1340 3446 1409 3490 non

292 3541 349 3581 rann
452 3521 619 3603 permisit.
671 3521 694 3585 J
698 3541 826 3586 oannes
853 3542 935 3587 vero
960 3543 1023 3587 rex
1052 3523 1171 3588 codem
1197 3543 1288 3588 anno
1316 3527 1408 3590 circa

292 3592 413 3682 tillim
452 3620 577 3685 festum
600 3621 636 3686 S.
655 3621 678 3685 J
681 3625 803 3687 oannis
826 3623 997 3706 Baptistae
1022 3623 1197 3706 profectus
1218 3625 1254 3687 in
1279 3624 1408 3689 Hiber-

453 3722 559 3798 niam,
577 3722 712 3805 expulit
728 3724 809 3787 inde
826 3723 1014 3805 Hugonem
1030 3724 1073 3787 de
1091 3722 1187 3802 Laci,
1207 3726 1293 3789 etin
1310 3746 1408 3790 suam

452 3821 619 3885 ditionem
650 3822 784 3904 redegit
819 3829 929 3887 totam
967 3830 1108 3901 terram,
1145 3823 1294 3889 Catholo
1329 3846 1409 3909 rege
1510 3885 1517 3910 ,

455 3919 641 3985 Gonnaciae
671 3922 894 4005 triumphato.
946 3922 969 3986 J
974 3921 1063 3988 udaei
1094 3944 1156 4007 per
1185 3932 1296 3990 totum
1331 3946 1409 4009 reg·

455 4040 537 4084 num
561 4019 701 4103 Angliae
728 4023 961 4104 captivantur,
986 4030 1021 4088 et
1040 4024 1140 4087 bonis
1163 4045 1281 4090 eorum
1303 4028 1413 4090 omni·

494 4245 614 4298 '‘Multi
627 4249 785 4300 Gallicorum
801 4255 848 4301 etc.
864 4267 922 4314 pro·
982 4249 1058 4302 ’For
1084 4249 1251 4315 ‘Biteriau’
1298 4254 1411 4305 Boziata.

457 4320 517 4368 fecti
525 4314 540 4380 ς’
553 4320 591 4369 M.
604 4324 628 4368 et
639 4319 687 4369 Ar.
947 4317 1086 4387 o‘lcury.
