3170 5020
578 541 761 590 suntuna
1084 524 1149 588 357

197 698 421 777 Warenna,'
411 719 447 762 m
475 699 654 782 provincia
680 699 828 764 Eboraci
853 697 1054 763 coadunans
1085 719 1147 763 ex·
1132 710 1276 803 -gpffin

197 800 354 877 ercitum,
371 806 531 882 nepotem
551 819 652 863 suum
671 799 861 864 Henricum
878 799 920 864 de
939 799 1051 882 Percy
1067 819 1145 863 cum
1158 814 1265 854 ιιιᾱιιιιι

197 900 321 964 militia
335 901 519 964 comitatus
543 899 692 965 carleoli
717 899 914 983 praemisit
904 920 939 963 in
967 899 1143 963 Scotiam·
1135 864 1307 1012 ,flffipgpr

198 1001 257 1082 qni
283 1019 392 1082 usque
420 999 464 1064 ad
492 1000 608 1064 villam
634 1000 677 1064 de
702 998 773 1064 Are
805 999 991 1083 profectus
1017 999 1178 1064 Galwi-vv
1158 1015 1271 1103 ιιθιιξιίιιιιιτ

197 1099 332 1164 dienses
363 1100 407 1164 ad
441 1119 559 1182 pacem
593 1101 685 1182 regis
717 1100 898 1165 admittere
929 1099 1145 1183 disponebat.
1157 1074 1251 1164 inei?
1269 1074 1293 1104 ῃ

197 1198 328 1264 Audito
363 1207 477 1264 autem
511 1200 604 1283 quod
643 1200 823 1265 Scotorum
864 1200 1038 1264 exercitus
1071 1206 1147 1264 erat

193 1299 300 1384 juxta
328 1299 467 1378 Irwine,
499 1300 592 1382 quod
619 1300 699 1364 inde
727 1300 772 1364 ad
806 1307 956 1382 quatuor
985 1299 1145 1364 milliaria

198 1400 362 1476 distabat,
392 1399 475 1464 illuc
510 1399 684 1483 profectus
722 1398 808 1464 vidit
840 1400 933 1464 ultra
963 1399 1146 1482 quemdam

197 1499 311 1564 lacum
336 1499 518 1564 Scotorum
535 1501 725 1565 exercitum
745 1500 978 1564 considentem
994 1519 1003 1580 3
1026 1501 1061 1562 in
1077 1519 1146 1581 quo

198 1600 370 1682 capitanei
391 1607 490 1664 erant
516 1601 697 1683 episcopus
724 1599 959 1678 GlascuensiS,
985 1598 1146 1664 Andreas
1256 1595 1259 1601 ’

197 1699 239 1764 de
274 1700 433 1764 Moravia
464 1701 674 1765 senescallus
708 1700 847 1777 Scotino,
885 1706 920 1764 et
950 1699 1146 1765 Willelmus

198 1800 384 1866 Walensis.
438 1799 542 1864 Miles
573 1808 689 1865 autem
711 1800 851 1883 quidam
882 1808 1054 1878 strenuus,
1084 1820 1146 1864 no-

198 1901 289 1965 mine
314 1900 487 1966 Ricardus
507 1901 550 1965 de
577 1900 699 1979 Lundi,
723 1902 783 1982 qui
808 1901 881 1983 regi
901 1899 1036 1982 Angliae
1058 1920 1146 1964 nun-

197 2020 302 2084 quam
327 2001 525 2082 homagium
555 2001 696 2079 fecerat,
727 2002 855 2065 relictis
887 2000 1000 2065 Scotis
1032 2001 1103 2065 fact
1089 2008 1145 2065 tus

199 2099 392 2182 transfuga,
422 2121 459 2164 se
491 2101 610 2165 statim
639 2099 797 2182 Anglicis
828 2101 984 2165 sociavit
1048 2101 1142 2164 Reli·
1157 2112 1271 2152 Theseat-

199 2201 269 2281 qui,
295 2219 415 2282 pacem
446 2206 614 2282 petentes,
640 2193 858 2264 ¹dediderunt
887 2219 936 2277 se,
959 2199 1066 2264 salvis
1095 2163 1306 2264 (ιίεωθίοηηωθ

162 2339 164 2343 ⁴
199 2300 272 2364 vita
294 2307 329 2364 et
349 2300 522 2377 membris,
548 2299 683 2363 catallis
706 2306 741 2363 et
764 2299 877 2376 terris,
898 2300 949 2364 ita
970 2306 1008 2363 ut
1031 2300 1146 2364 omnia

198 2418 307 2481 usque
338 2399 374 2462 in
402 2399 493 2463 hunc
522 2399 611 2462 diem
641 2404 757 2463 essent
788 2399 990 2482 simpliciter
1021 2399 1147 2464 condo·

198 2507 293 2564 nata.
370 2497 486 2578 Quam
520 2518 652 2582 pacem,
681 2499 858 2581 promissis
885 2498 1074 2577 obsidibus,
1110 2507 1146 2564 et

198 2600 326 2683 scripto
351 2599 519 2677 confecto,
542 2598 680 2663 admisit
697 2597 885 2675 HenricnS,
903 2599 932 2661 si
949 2605 1065 2663 tamen
1081 2599 1146 2664 hoc

198 2700 273 2781 regi
297 2699 471 2782 placeret3
501 2698 561 2781 qni
588 2719 692 2781 super
723 2699 789 2762 hoe
821 2698 1012 2776 consultus,
1043 2719 1087 2763 ne
1109 2693 1147 2763 ²a

199 2808 314 2882 coepto
353 2799 577 2882 impediretur
614 2800 749 2876 itinere,
795 2799 915 2862 annuit
958 2799 1145 2881 postulata.

200 2899 416 2964 Adveniente
438 2898 512 2983 jam
547 2899 671 2962 comite
700 2898 915 2975 Warrennae,
944 2917 1021 2962 cum
1051 2898 1146 2963 Scoti

200 3000 459 3082 tergiversando
486 2997 528 3062 de
555 2999 610 3062 die
635 2998 672 3062 in
697 2998 786 3062 diem
813 2998 988 3063 differrent
1010 2999 1146 3063 obsides

199 3100 351 3176 reddere,
374 3107 409 3164 et
435 3098 632 3164 Willelmus
657 3097 796 3184 Waleys
816 3099 955 3162 interim
980 3098 1146 3182 populum

200 3199 380 3277 adunaret,
409 3199 616 3264 arbitrantes
646 3217 683 3261 se
707 3197 847 3279 Anglici
872 3197 1037 3280 proditos„
1064 3198 1146 3261 dum

199 3299 323 3363 Scotos
357 3298 518 3363 invadere
552 3299 751 3381 disponunt,
782 3298 964 3380 episcopus
1000 3297 1146 3362 Glascu·

199 3400 291 3463 ensis
313 3406 348 3464 et
362 3398 557 3464 Willelmus
581 3399 729 3480 DnglaS,
749 3417 791 3460 ne
807 3397 1011 3480 proditionis
1028 3404 1146 3461 notam

199 3499 424 3577 incurrerent,
459 3517 496 3564 se
531 3498 566 3561 in
607 3500 660 3562 sui
693 3498 951 3563 excusationem
988 3499 1146 3581 protinus

198 3599 424 3676 dediderunt;
462 3599 504 3663 de
533 3600 658 3682 quibus
690 3599 873 3680 episcopus
903 3598 940 3661 in
966 3606 1081 3662 castro
1104 3597 1146 3661 de

200 3699 457 3781 Rokesburgia,
488 3699 685 3764 Willelmus
714 3717 796 3762 vero
827 3698 863 3760 in
894 3705 1008 3762 castro
1040 3699 1145 3762 Bere-

201 3801 289 3878 wici,
307 3799 473 3864 custodiae
491 3800 743 3882 mancipantur

250 3900 330 3965 Rex
360 3898 542 3981 Angliae
533 3919 569 3962 m
603 3899 692 3963 festo
723 3896 757 3962 S
788 3897 883 3962 Petri
916 3897 960 3961 ad
995 3895 1147 3960 Vincula
1160 3919 1198 3968 ip
1199 3917 1313 3958 artemio

200 3999 388 4063 Londoniis
415 3999 677 4082 parliamentum
709 4005 839 4072 tenens,
871 3999 906 4060 in
944 3996 1063 4079 primis
1095 4015 1148 4060 ar·
1160 3969 1255 4060 lilii.

198 4100 454 4183 chiepiscopum
482 4101 610 4182 recepit
633 4099 668 4162 in
694 4099 854 4180 gratiam,
882 4098 1039 4162 omnibus
1069 4116 1148 4179 quae

234 4322 243 4354 ¹
259 4319 428 4384 ‘dederunt3’
441 4321 510 4373 D’A.
619 4319 624 4391 Ι
675 4321 685 4350 ²
700 4323 822 4385 ‘accepto
831 4319 849 4385 3'
868 4325 916 4387 M,
927 4320 1020 4386 Δωρί
1031 4323 1080 4375 Ar.
1093 4329 1151 4374 220.
