3170 5020
604 487 788 536 auratus.
1099 468 1164 537 381

211 645 350 728 liquias,
371 665 440 710 non
465 644 540 710 sine
559 646 698 727 superui
719 646 810 710 dono
834 645 994 724 numinis,
1018 664 1161 709 conver·

212 766 290 810 sum
320 747 456 810 exstitit
484 744 527 809 ad
558 745 637 809 fidei
664 745 855 810 Catholicae
883 746 1063 809 unitatem.
1117 745 1163 808 Et

213 846 363 929 qualiter
394 847 497 909 etiam
530 845 683 927 antiquis
718 845 928 927 temporibus
969 845 1164 909 Eboracen·

213 946 262 1009 sis
281 945 570 1028 archiepiscopus,
589 946 649 1027 qui
672 951 756 1009 tunc
779 953 866 1021 erat,
890 951 985 1009 mota
1007 965 1068 1027 per
1085 964 1164 1009 eum

214 1065 320 1128 super
355 1045 435 1130 jure
481 1045 747 1127 metropolitano
787 1044 954 1109 adversus
1000 1045 1164 1126 praelatos

214 1146 341 1210 Scotiae
363 1145 567 1228 quaestione,
595 1163 658 1227 pro
679 1164 717 1208 se
741 1145 935 1225 nequiverit
957 1145 1162 1208 senteutiam

216 1245 381 1310 obtinere.

266 1345 337 1408 His
362 1343 549 1428 propositis
576 1345 709 1408 monuit
735 1364 851 1426 regem
884 1344 1043 1408 dominus
1073 1363 1165 1427 papa
1178 1378 1304 1429 mm»,

218 1465 279 1527 per
294 1444 429 1508 litteras
444 1462 539 1521 suaa,
555 1442 647 1526 quod
664 1444 855 1527 episcopos,
869 1446 1012 1508 abbates
1026 1444 1166 1521 electos,
1179 1429 1311 1522 fflffi?

218 1552 254 1608 et
273 1564 391 1608 omnes
408 1544 494 1608 alios
516 1544 613 1626 regni
629 1543 767 1621 Scotiae,
788 1563 874 1626 quos
895 1544 1071 1608 detinebat
1086 1561 1167 1626 cap·

218 1643 310 1708 tivos
326 1645 361 1707 in
376 1663 524 1720 carcere,
539 1643 644 1707 libere
667 1645 761 1707 abire
779 1643 1005 1727 permitteret,
1023 1653 1057 1708 et
1073 1642 1165 1725 quod

218 1742 380 1809 officiales
404 1763 486 1808 suos
512 1743 554 1807 de
577 1762 685 1824 reguo
707 1743 834 1808 Scotiae
857 1750 1047 1808 memorato
1070 1761 1168 1808 revo-

218 1852 325 1922 caret,
349 1863 436 1926 quos
460 1844 495 1906 in
520 1841 771 1928 praejudicium,
796 1843 970 1927 injuriam,
999 1851 1034 1908 et
1061 1862 1168 1925 grave

218 1944 418 2008 scandalum
444 1943 595 2006 fidelium
621 1942 837 2025 populorum,
856 1951 891 2007 et
910 1945 1168 2026 oppressionem

212 2043 401 2127 justorum,
434 2044 469 2106 in
499 2043 594 2106 dicto
621 2062 728 2124 reguo
759 2049 931 2107 statuerat
962 2049 998 2106 ct
1030 2043 1166 2108 ordina·

219 2151 329 2219 verat,
362 2145 412 2206 ita
440 2142 532 2224 quod
572 2143 748 2223 acceptior
777 2149 813 2206 et
854 2143 1040 2223 gratiosior
1072 2142 1169 2206 fieret

220 2243 313 2321 Duo,
341 2249 376 2306 et
406 2241 558 2305 favorem
591 2241 792 2324 apostolicae
825 2240 915 2304 sedis
943 2243 979 2304 in
1007 2241 1073 2306 hoc
1103 2242 1168 2305 sibi

219 2343 414 2424 acquireret
435 2340 589 2423 plenius:
617 2347 652 2404 et
668 2341 698 2404 si
717 2341 754 2404 iu
772 2340 890 2404 eodem
906 2360 1012 2422 regno
1029 2341 1167 2419 Scotiae,

219 2441 275 2506 vel
296 2441 413 2524 aliqua
438 2439 514 2523 ejus
537 2446 648 2522 parte,
666 2439 725 2523 jus
749 2440 887 2522 aliquod
913 2459 951 2503 se
970 2440 1096 2505 habere
1114 2460 1169 2504 as·

220 2550 361 2618 sereret,
392 2559 453 2623 per
482 2546 723 2622 procuratores
758 2547 793 2603 et
826 2540 965 2604 nuntios
996 2559 1090 2616 suos,
1125 2541 1169 2604 ad
1270 2621 1272 2626 ,

221 2640 287 2704 hoc
308 2639 505 2724 specialiter
518 2640 739 2716 constitutos,
759 2659 837 2703 cum
858 2639 996 2723 juribus
1018 2647 1054 2703 et
1080 2633 1170 2706 ¹mo-

222 2741 394 2805 humentis
427 2738 625 2822 hujusmodi
655 2739 833 2819 negotium
874 2741 1094 2821 tangentibus
1125 2741 1169 2804 ad

221 2839 337 2904 sedem
364 2838 590 2922 apostolicam
624 2837 825 2915 destinaret,
855 2858 959 2922 snper
982 2839 1170 2922 praemissis

221 2940 333 3022 plenae
362 2939 651 3021 complementum
672 2938 821 3022 justitiae
846 2947 1058 3022 recepturus.

272 3039 353 3103 Rex
382 3038 582 3121 apostolicis
614 3037 751 3115 litteris,
786 3059 830 3102 ex
861 3039 1050 3103 deliberato
1078 3040 1170 3121 apud

223 3139 436 3202 Lincolniam
459 3145 650 3203 convocato
669 3137 827 3214 concilio,
851 3159 914 3221 pro
929 3139 1009 3222 jure
1030 3158 1094 3204 suo
1111 3138 1170 3203 de-

222 3238 398 3314 clarando,
414 3238 563 3302 litteram
581 3235 684 3321 hujus
702 3239 832 3303 tenoris
849 3238 1043 3320 rescripsit:

271 3331 298 3372 ²‘
315 3337 516 3401 Altissimus
531 3338 705 3419 inspector
721 3331 926 3418 ³[cordium]
940 3345 1068 3402 nostrae
1085 3338 1169 3402 scri·
1184 3373 1290 3414 mm,

225 3437 282 3501 nio
304 3436 476 3500 memoriae
493 3437 668 3501 indelebili
679 3437 771 3520 stylo
795 3438 892 3501 novit
906 3437 1058 3514 inscribi,
1079 3438 1169 3520 quod
1183 3424 1333 3522 ilg¹lh⁸'”“'

223 3544 457 3602 antecessores
491 3544 527 3600 et
553 3537 789 3618 progenitores
822 3537 943 3614 nostri,
973 3557 1072 3620 reges
1096 3537 1173 3602 An·
1183 3523 1311 3622 atqup,

1184 3624 1239 3672 urity
1247 3625 1271 3663 or

223 3639 315 3719 gliae,
341 3637 421 3721 jure
448 3637 635 3718 superioris
660 3644 696 3701 et
721 3636 842 3700 directi
870 3636 1011 3701 dominii
1036 3639 1080 3702 ab
1109 3657 1290 3714 an·s,„1,„‚

223 3737 425 3820 tiquissimis
458 3743 552 3799 retro
584 3737 795 3817 temporibus
825 3756 933 3818 regno
964 3737 1103 3814 Scotiee,
1137 3747 1172 3802 et

259 3945 266 3976 ¹
284 3937 481 4004 ‘munimentisf
490 3943 528 3992 Μ.
545 3942 607 3990 This
614 3941 684 3990 word
710 3940 756 3992 Ar.
767 3944 826 4003 220,
838 3946 864 4002 ⁷,
877 3941 989 3992 andGot.
998 3943 1053 3991 dal.
1066 3943 1101 3993 D.
1118 3943 1169 3992 Ac·

223 4015 246 4064 is
264 4014 311 4063 lert
333 4015 411 4066 blank
433 4013 459 4060 in
480 4012 528 4062 Ar.
547 4016 613 4072 2203
638 4013 685 4060 but
709 4011 814 4072 cordiug
831 4016 856 4060 to
874 4011 983 4073 Tauner,
1003 4012 1171 4075 Bibliotheca,

222 4084 291 4133 filled
310 4102 346 4148 up
367 4087 400 4146 by
415 4083 611 4143 ‘munimentis,’
621 4081 684 4131 from
709 4081 760 4130 this
771 4095 872 4129 auswer
887 4095 942 4130 was
956 4083 1080 4144 compiled
1092 4085 1126 4145 hy
1135 4084 1169 4135 G.

222 4154 303 4202 Wals.
710 4151 861 4213 Rishanger.
897 4152 945 4201 See
959 4153 1007 4200 suh
1018 4167 1088 4202 voce.

257 4221 268 4253 ²
284 4221 394 4273 Seuthis
407 4221 433 4268 in
445 4222 685 4284 Rymer,ii.559et
744 4218 756 4249 ⁸
771 4221 833 4270 This
847 4221 915 4270 word
931 4222 953 4270 is
969 4222 1032 4271 from
1053 4224 1126 4286 Rym.
1142 4225 1170 4273 ii.

222 4309 286 4356 seq,
301 4292 436 4353 compared
451 4293 513 4341 with
531 4300 582 4340 two
599 4292 684 4353 MSS,
708 4295 765 4339 559.
