3226 5020
277 687 347 726 natue
356 687 380 725 ol

277 738 357 777 Lenes.

281 1285 328 1325 'l'lre
335 1284 389 1334 king
397 1283 416 1324 ln

282 1336 347 1396 talen

282 1397 383 1436 prisoner.

288 2781 334 2819 The
343 2779 399 2818 Mire

287 2833 312 2870 ol
318 2831 398 2870 Leues.

436 498 502 562 260
790 513 863 560 rue.
882 514 1029 561 rnrvnrr

439 670 530 734 versi
556 673 650 744 sunt,
677 687 764 750 quos
787 655 867 730 dum
892 667 1102 750 insequitur]
1131 666 1323 732 Edwardus
1351 667 1395 731 ad

441 776 590 852 quatuor
609 767 805 831 milliarium
825 767 989 849 spatium,
1008 767 1247 847 gravissimam
1267 768 1395 830 caedem

441 867 630 943 inferendo,
655 886 676 930 a
700 867 833 950 reliquo
857 877 1039 948 separatus
1061 867 1216 931 exercitu
1238 864 1398 930 diminuit

442 969 548 1031 robur
572 967 659 1050 ejus.
713 966 857 1030 interim
886 985 968 1030 vero
1003 966 1102 1029 multi
1134 966 1176 1029 de
1206 966 1278 1030 acie
1308 965 1396 1049 regis

443 1067 548 1130 occisi
570 1074 663 1142 sunt,
687 1067 850 1148 captique
871 1085 933 1128 rex
956 1063 1185 1140 Alamanniae,
1204 1059 1396 1129 ¹Robertus

443 1167 486 1231 de
514 1167 605 1230 Brus
632 1176 667 1229 et
693 1165 848 1229 Joannes
873 1164 1006 1247 Comyu
1030 1165 1089 1247 qui
1114 1164 1238 1229 Scotos
1263 1164 1398 1227 addux-

445 1273 563 1330 erant:
587 1285 649 1328 rex
670 1265 772 1328 etiam
797 1264 971 1328 Henricus
996 1263 1172 1327 dextrario
1190 1264 1266 1347 ejus
1284 1265 1399 1327 occiso

443 1374 578 1449 captus,
600 1372 636 1428 et
660 1364 696 1428 in
717 1365 871 1446 prioratu
898 1364 1059 1446 apposita
1084 1363 1243 1428 custodia
1268 1371 1322 1427 est
1347 1383 1397 1426 re·

442 1466 570 1530 clusus
631 1464 806 1529 Reversus
836 1463 1027 1527 Edwardus
1058 1463 1157 1544 gravi
1188 1462 1307 1545 praelio
1337 1482 1397 1525 ex-

443 1565 581 1647 cipitur,
613 1564 843 1646 fugeruntque
877 1581 991 1626 comes
1019 1555 1233 1638 ²Warennae,
1265 1561 1397 1626 Willel-

444 1683 521 1727 mus
552 1663 595 1726 de
625 1662 811 1739 ValentiiS,
845 1660 961 1725 Guido
994 1661 1036 1725 de
1069 1660 1242 1726 Lisiniaco
1273 1660 1397 1725 fratres

444 1763 537 1844 regis
560 1763 697 1836 uterini,
724 1762 831 1843 Hugo
858 1761 969 1843 Bigod
995 1781 1071 1824 oum
1098 1761 1221 1825 militia
1247 1780 1325 1842 quae
1354 1760 1396 1822 ad

445 1862 716 1944 quadringentos
748 1855 927 1924 ³loricatos
967 1860 1157 1936 adscendit,
1193 1879 1334 1944 omnes,
1354 1859 1398 1922 ad

445 1968 597 2026 castrum
615 1961 658 2024 de
676 1960 868 2024 Peuveusie
886 1959 1078 2024 tendentes.

497 2059 583 2124 Cum
610 2066 723 2123 autem
747 2059 827 2123 hine
851 2059 930 2123 inde
958 2060 1058 2122 multi
1083 2059 1305 2134 corruissent,
1331 2055 1400 2121 Ed-

448 2160 596 2235 wardus,
615 2152 931 2224 villam⁴circuiens
954 2177 1031 2222 cum
1055 2165 1188 2240 patrem
1211 2177 1279 2221 non
1302 2158 1398 2220 inve·

447 2260 556 2325 nisset
574 2260 609 2322 in
631 2267 757 2336 castro,
780 2259 968 2341 prioratum
985 2259 1161 2339 ingressus
1183 2257 1339 2339 pervenit
1356 2255 1399 2319 ad

448 2379 537 2422 eum.
606 2358 749 2422 Interim
783 2359 865 2422 dato
897 2357 1028 2420 insultu
1057 2357 1102 2420 ad
1127 2364 1292 2431 castrum,
1322 2375 1398 2419 cum

448 2458 572 2523 inclusi
603 2459 747 2523 viriliter
780 2477 818 2521 se
851 2457 1085 2533 defenderent,
1108 2455 1331 2521 ‘subtrahunt
1363 2474 1401 2518 se

449 2559 608 2622 barones
661 2558 863 2630 Edwardus,
896 2556 1041 2619 audacia
1067 2557 1295 2620 castrensium
1327 2554 1400 2617 ani-

450 2664 577 2733 matur,
610 2657 801 2720 recollectis
833 2656 904 2719 suis
935 2657 1059 2719 iterum
1097 2655 1207 2718 voluit
1238 2653 1399 2737 praeliari.

502 2755 582 2834 Quo
620 2756 761 2837 cognito
801 2756 967 2819 miseruut
1008 2755 1154 2818 barones
1195 2754 1400 2818 mediatores

447 2855 559 2937 pacis,
597 2856 837 2936 promittentes
869 2855 905 2918 in
942 2855 1092 2918 crastino
1127 2853 1215 2917 velle
1246 2853 1288 2916 de
1317 2873 1401 2936 pace

452 2960 602 3017 tractare
634 2973 712 3018 cum
745 2954 879 3018 effectu.
950 2954 993 3017 In
1018 2953 1170 3017 crastino
1201 2952 1308 3033 igitur
1332 2952 1401 3016 dis·

452 3054 668 3116 currentibus
700 3055 790 3117 inter
821 3062 938 3135 partes
963 3053 1128 3117 fratribus
1158 3051 1401 3116 Praedicatori-

450 3153 516 3240 trus
536 3160 570 3215 et
594 3152 801 3228 Minoribus
827 3153 877 3216 sic
903 3160 1018 3217 actum
1044 3158 1106 3228 est,
1132 3159 1170 3215 ut
1192 3150 1277 3215 feria
1299 3161 1401 3216 sexta

451 3260 616 3334 sequente
651 3252 843 3316 Edwardus
873 3259 908 3316 et
943 3251 1117 3315 Henricus
1147 3270 1210 3333 pro
1247 3252 1402 3332 patribus

452 3352 536 3427 suis,
566 3353 704 3435 regibus
734 3350 873 3433 Angliae
903 3358 937 3415 et
964 3349 1192 3425 Alemanniae,
1226 3369 1264 3412 se
1286 3351 1402 3414 comiti

452 3450 595 3534 Symoui
624 3451 798 3515 traderent
823 3451 887 3514 sub
915 3469 977 3533 spe
1007 3451 1132 3532 quietis
1162 3456 1196 3513 et
1220 3450 1327 3530 paciS,
1353 3451 1403 3513 ita

452 3557 491 3613 ut
520 3569 596 3613 cum
619 3550 864 3615 deliberatione
886 3556 1103 3626 tractaretur,
1132 3569 1209 3631 quae
1236 3550 1404 3629 provisio·

452 3668 532 3711 num
551 3654 592 3713 'et
610 3658 818 3714 statutorum
836 3656 953 3713 essent
975 3669 1037 3731 pro
1059 3648 1211 3712 utilitate
1230 3648 1328 3736 regni
1353 3655 1403 3712 te-

452 3748 574 3824 nenda,
596 3758 630 3812 et
653 3768 730 3831 quae
751 3749 920 3825 delenda;
944 3755 979 3811 et
1002 3748 1092 3831 quod
1115 3746 1252 3811 iuterim
1275 3748 1404 3830 captivi

451 3847 530 3911 hinc
553 3847 633 3910 inde
654 3849 785 3930 absque
807 3848 877 3911 ullo
902 3847 1013 3929 pretio
1033 3846 1267 3910 redderentur.
1319 3847 1405 3911 Sab-

451 3947 534 4010 bato
560 3948 716 4029 sequenti
749 3967 809 4010 rex
837 3966 964 4024 omnes,
996 3947 1055 4029 qui
1080 3945 1146 4008 sini
1174 3945 1404 4021 adhaeserant,

488 4162 496 4193 ¹
514 4166 658 4215 ‘Robertus
678 4166 745 4215 Brun
763 4168 807 4228 qui
827 4167 914 4216 Scotos
973 4164 984 4197 ⁸
1003 4160 1152 4222 ‘armaten’
1163 4164 1210 4214 Ar.

453 4234 595 4283 adduxerat
602 4230 616 4294 ;‘
628 4231 696 4284 ΠΛ.

487 4299 498 4332 ²
515 4305 672 4354 ‘warraniae
681 4300 698 4366 ;’
709 4305 768 4355 Cod.
779 4304 844 4366 Reg.
975 4302 985 4332 ⁴
1002 4302 1192 4365 ‘circumiens3'
1204 4300 1274 4352 D'A.
