3226 5020
615 452 799 500 Anniana.
1122 439 1188 503 299

237 629 299 690 per
330 608 494 690 Angliam
526 603 810 692 suspenduntur.¹
864 609 944 673 Rex
978 610 1185 693 parliamen·
1198 628 1306 678 unum

238 716 312 772 tum
330 709 442 772 tenuit
465 707 664 773 Gloverniae
680 710 716 772 in
732 717 858 774 octava
877 709 913 774 S.
927 709 950 773 J
954 710 1074 774 oannis
1093 711 1186 794 Bap-
1198 679 1335 818 {ffhssdthf‘

239 809 344 886 tistae,
365 809 401 871 in
423 828 492 890 quo
516 808 609 872 edita
635 817 718 873 sunt
746 817 890 889 statuta,
913 829 992 892 quae
1014 811 1079 874 ‘de
1099 809 1184 876 Glo-
1226 782 1326 819 mm

239 907 367 973 vernia'
393 908 622 990 appellantur.
675 908 756 974 cito
781 929 864 974 vero
890 918 970 992 post
991 911 1028 973 in
1050 910 1185 976 Gallias

240 1008 424 1085 transiens
441 1008 694 1072 restitutionem
720 1009 914 1091 aliquarum
932 1018 1101 1074 terrarum
1128 1013 1186 1076 ob-

239 1108 357 1183 tinuit,
390 1127 460 1171 non
489 1114 604 1172 tamen
638 1109 789 1172 omnium
822 1110 960 1192 quaein
989 1109 1188 1176 venditione

239 1206 466 1272 Normanniae
488 1207 667 1294 promissae
692 1207 830 1273 fuerant
851 1209 942 1291 patri
964 1229 1037 1272 suo.
1091 1210 1188 1275 Obiit

239 1307 305 1371 hoc
320 1325 409 1371 anno
433 1308 555 1388 regina
570 1306 745 1384 Castellae,
763 1315 872 1372 mater
890 1309 1017 1390 reginae
1033 1309 1186 1391 Angliae,

240 1406 284 1471 ad
314 1426 417 1489 quam
443 1407 523 1491 jure
554 1406 762 1471 hereditario
788 1415 1034 1490 postmortem
1065 1411 1187 1474 matris

240 1506 424 1570 devolutus
454 1515 508 1571 est
534 1506 688 1570 Pontivii
721 1508 916 1573 comitatus,
969 1508 1049 1574 Hoc
1084 1528 1185 1586 anno,

240 1613 425 1688 antequam
451 1625 514 1669 rex
541 1606 705 1671 transiret
734 1607 770 1669 in
796 1605 943 1685 Gallias,
972 1627 1033 1671 rex
1064 1608 1185 1673 Scoto-

239 1725 315 1769 rum
332 1703 533 1770 Alexander
551 1706 587 1769 in
608 1703 775 1787 Angliam
796 1707 948 1784 veniens,
966 1726 1082 1790 regem
1104 1728 1186 1772 con·

239 1804 348 1869 suluit
376 1804 420 1868 de
451 1805 599 1887 negotiis
629 1804 745 1868 arduis
771 1814 872 1869 terrae
903 1826 988 1870 suae.
1054 1807 1187 1873 Putant

238 1903 378 1987 quidam
402 1923 480 1968 eum
505 1912 587 1970 tunc
610 1923 710 1968 suum
728 1905 850 1970 fecisse
867 1905 1078 1988 homagium,
1094 1909 1187 1990 quod

238 2004 298 2068 alii
313 2005 429 2070 verius
455 2003 491 2067 iu
517 2005 668 2069 crastino
688 2005 922 2070 coronationis
942 2006 1033 2088 regis
1049 2006 1187 2088 Angliae

239 2112 397 2168 asserunt
412 2123 487 2168 esse
503 2104 644 2168 factum.
698 2103 905 2187 impetravit
926 2113 1041 2170 autem
1066 2126 1089 2170 a
1107 2127 1188 2188 rege

239 2203 385 2281 litteren,
406 2204 632 2269 testificantes
655 2204 822 2268 auxilium
841 2205 876 2268 in
896 2225 1022 2287 guerra
1048 2205 1188 2272 Walliae

237 2303 441 2385 praestitum,
478 2323 547 2367 nou
589 2303 727 2368 nomine
760 2305 892 2368 servitii
925 2305 1056 2369 sactum
1088 2299 1189 2370 esse.²

240 2403 320 2466 Hoc
353 2423 444 2467 anno
470 2403 645 2467 Robertus
674 2403 817 2480 Burnel,
845 2404 1028 2487 episcopus
1054 2405 1187 2470 Batho-

240 2501 379 2580 nieusis,
413 2503 450 2565 in
484 2501 772 2568 cantuariensem
805 2502 1101 2586 archiepiscopum
1133 2512 1187 2568 est

238 2601 391 2682 electus;
422 2602 482 2666 sed
498 2621 604 2684 papa,
628 2601 796 2666 electione
815 2609 965 2679 cassata,
992 2603 1113 2668 lectori
1130 2623 1187 2669 cu·

238 2701 299 2770 riae
330 2701 429 2766 fratri
452 2701 475 2765 J
478 2702 582 2766 oanni
610 2701 653 2765 de
680 2700 830 2765 Pecham
859 2701 1014 2767 eamdem
1040 2703 1187 2768 contulit

238 2795 474 2883 dignitatem.³

261 3019 287 3055 D.
300 3019 326 3054 N.
337 3019 357 3054 J,
369 3018 393 3054 0.
497 3017 521 3052 Ρ.
533 3014 695 3050 ROMANORUM
708 3015 733 3050 R.
837 3015 991 3052 FRANOORUM
1028 3017 1168 3054 inchoavit
1253 3053 1254 3056 ,

513 3163 538 3208 2.
712 3161 737 3206 t.
902 3163 927 3208 9.
1099 3164 1124 3210 t.

290 3302 444 3365 Farina
458 3299 482 3365 J
485 3317 615 3364 oannes
632 3299 674 3362 de
685 3298 849 3375 Pecham,
865 3297 1091 3363 cicestrensis
1100 3299 1186 3362 dioe·
1199 3319 1292 3408 ἓξὲξ.

238 3403 338 3477 cesis,
364 3400 406 3464 de
433 3400 552 3465 ordine
583 3398 770 3476 Minornm‚
786 3398 881 3462 venit
907 3397 944 3460 in
972 3397 1149 3478 Angliam,
1165 3418 1353 3467 ancnunupor

238 3501 376 3566 domino
398 3519 490 3583 papa
519 3498 556 3562 in
583 3497 868 3563 Cantuariensem
892 3496 1186 3580 archiepiscopum
1199 3469 1338 3517 ⁰⁸⁰²⁶¹b¹¹³y'

273 3755 282 3788 ¹
299 3757 342 3806 No
355 3755 503 3806 fewerthan
521 3761 572 3805 two
582 3754 697 3804 hundred
724 3749 806 3815 ding’a
817 3753 909 3814 script.
924 3752 988 3804 Ord.
1001 3754 1077 3816 Min,
1091 3753 1188 3816 Romae,

237 3829 286 3878 and
298 3827 385 3889 eighty
397 3841 465 3876 were
481 3825 582 3888 hanged
596 3826 700 3874 inLon·
726 3828 799 3884 18⁰6,
814 3825 861 3872 auh
876 3838 943 3872 nom.
978 3823 1010 3871 In
1025 3823 1068 3872 the
1086 3824 1188 3885 praiaco

238 3899 287 3947 don
297 3898 378 3946 alone.
724 3899 750 3942 to
769 3893 810 3942 hia
831 3893 904 3942 work
925 3893 1030 3942 entitled
1048 3894 1187 3955 ‘Perspec-

272 3965 370 4016 'Dosu
388 3969 432 4014 not
448 3965 499 4014 this
519 3965 571 4016 fact
588 3979 655 4014 seem
673 3968 699 4012 te
724 3964 783 4012 tivae
803 3964 941 4013 communis
960 3959 1051 4028 Liber,’
1071 3965 1098 4012 in
1116 3964 1187 4013 three

237 4037 354 4087 disallow
368 4037 397 4084 of
408 4049 459 4096 any
474 4035 642 4096 nnequivocal
656 4034 700 4084 ho·
724 4033 813 4095 books,
832 4033 920 4082 Coton.
936 4033 1027 4095 Agrip.
1045 4037 1096 4083 tto.
1116 4038 1189 4098 1580,

238 4122 311 4169 mage
342 4106 436 4168 having
467 4120 526 4154 ever
560 4106 624 4154 been
656 4105 701 4152 de·
725 4103 756 4152 he
773 4104 974 4166 says,‘Precor‚
993 4111 1023 4152 ut
1037 4105 1110 4152 Daus
1126 4104 1188 4166 Opt.

236 4176 362 4227 mnndedt
727 4174 810 4236 Max„
833 4175 891 4222 Lux
910 4174 1020 4222 omnium
1042 4179 1069 4223 et
1085 4175 1146 4236 Ipse
1163 4176 1189 4222 in

273 4244 347 4298 ³For
356 4240 490 4294 Peeham's
498 4243 583 4294 works
592 4257 633 4292 see
642 4243 701 4291 Wa·
726 4244 847 4293 immense
869 4245 927 4294 luce
949 4243 1101 4308 inhabitans,
1120 4258 1190 4294 meos
