3180 5026
448 543 493 608 60
791 558 862 606 mc.
890 559 1037 606 rarvnrr

449 737 517 800 que
541 725 577 780 et
593 717 662 780 alia
679 716 847 780 nonnulla
863 715 971 799 juxta
987 697 1167 778 ecclesiam
1189 715 1282 794 beati
1305 713 1401 778 Petri

449 816 634 882 destruxit.
686 814 901 898 Antipapam
918 816 1020 879 etiam
1038 813 1232 878 Guidonem
1251 813 1400 878 Romam

449 915 607 993 adduxit,
630 923 665 980 et
687 935 751 999 per
771 934 909 979 manum
935 914 1012 998 ejus
1034 913 1115 978 fecit
1134 933 1278 978 uxorem
1301 933 1400 978 suam

449 1016 700 1099 imperatricem
739 1015 936 1080 solemniter
973 1015 1152 1092 coronari3
1191 1034 1256 1078 uec
1291 1013 1401 1078 defuit
1431 1021 1435 1028 '
1502 1096 1505 1103 Ι

449 1115 536 1178 ultio
555 1115 697 1193 Divina,
721 1134 791 1198 qua
811 1122 992 1197 grassante
1011 1113 1224 1178 mortalitate
1244 1113 1401 1177 feruntur

449 1216 578 1279 mortui
605 1215 647 1278 de
672 1215 828 1280 exercitu
853 1215 929 1298 ejus
951 1230 1042 1276 xxv.
1059 1213 1171 1277 millia
1190 1206 1399 1278 ¹homiuum.

450 1313 549 1379 Inter
564 1334 652 1398 quos
669 1315 809 1378 fuerunt
819 1313 1043 1379 consobrinus
1058 1313 1276 1395 imperatoris
1295 1311 1399 1377 Caro

448 1414 618 1492 luS,filius
633 1414 783 1480 conradi
800 1414 1030 1497 imperatoris,
1042 1420 1078 1476 et
1089 1411 1283 1476 Rainaldus
1300 1412 1400 1476 Colo·

449 1515 578 1578 niensis
595 1514 894 1598 archiepiscopus3
917 1513 1029 1597 cujus,
1052 1518 1091 1577 ut
1105 1512 1294 1589 dicebatur,
1317 1533 1398 1576 con-

447 1614 527 1694 silio
558 1615 651 1678 mala
683 1613 833 1697 plurima
863 1612 1024 1678 faciebat.
1091 1610 1261 1677 Civitates
1293 1612 1415 1682 Imm-¹

449 1712 592 1791 bardiae,
603 1713 840 1778 Mediolanum
857 1713 1117 1789 reaedificantes
1135 1713 1179 1775 ab
1193 1713 1399 1794 imperatore

448 1813 612 1877 deficiunt
628 1832 757 1890 omues,
776 1812 889 1895 Papia
906 1819 941 1876 et
954 1812 1125 1877 Vercellis
1142 1811 1309 1894 exceptis.

499 1912 544 1977 Iu
566 1901 702 1978 octavis
719 1912 957 1988 Pentecostes,
980 1913 1193 1976 Francorum
1216 1919 1252 1975 et
1268 1909 1400 1993 Anglo-

448 2032 522 2075 rum
539 2033 652 2094 reges,
674 2013 918 2077 couvenientes
940 2013 977 2074 in
995 2012 1199 2088 Vulcasino,
1218 2019 1399 2094 coeperunt

447 2112 490 2176 de
504 2131 589 2195 pace
605 2119 756 2177 tractare
770 2131 780 2192 3
804 2112 865 2176 sed
889 2111 973 2175 nihil
994 2112 1225 2194 proficientes,
1242 2111 1397 2175 collectis

447 2213 668 2290 exercitibuS,
703 2220 848 2296 uterque
880 2219 990 2275 terras
1024 2211 1167 2275 alterius
1203 2211 1399 2276 devastavit
1496 2267 1501 2276 .

447 2331 556 2394 usque
587 2313 631 2377 ad
660 2333 810 2377 mensem
836 2310 1048 2393 Augustum,
1082 2310 1118 2374 iu
1153 2330 1222 2393 quo
1245 2318 1397 2393 acceptae

447 2420 529 2478 snut
558 2412 649 2478 iuter
686 2433 755 2489 eos,
787 2403 980 2495 usquead
1015 2411 1211 2495 proximum
1249 2409 1399 2490 Pascha,

448 2519 592 2595 treugae.
644 2513 779 2578 Deinde
800 2531 863 2575 rex
890 2511 1076 2588 Henricus,
1104 2510 1321 2573 Britanniam
1345 2511 1398 2574 in-

448 2631 600 2693 gressus,
632 2607 848 2677 ²Leouenses
876 2612 942 2675 sibi
966 2611 1130 2687 subdidit,
1154 2609 1400 2675 Cnmhumario

447 2712 649 2777 vicecomite
672 2731 790 2776 eorum
811 2729 849 2774 se
868 2712 1103 2786 submittente,
1123 2718 1159 2774 et
1173 2710 1310 2774 obsides
1324 2712 1399 2792 regi

447 2809 562 2875 dante.

284 2936 435 2986 reeompmr
499 2909 656 2974 Matildis
685 2909 902 2993 imperatrix,
933 2915 1044 2972 mater
1073 2909 1166 2990 regis
1194 2908 1400 2991 Anglorum,

285 2987 410 3086 llll‘lhl'l
448 3010 595 3077 decessit
635 3009 859 3092 Rothomagi,
896 3015 1022 3091 quarto
1060 3009 1139 3085 idus
1177 3009 1401 3093 Septembris,

283 3086 400 3186 ‘stilti‘
447 3129 529 3193 rege
554 3109 708 3174 Henrico
734 3097 847 3174 adhuc
874 3109 910 3170 iu
934 3108 1117 3172 Britannia
1141 3115 1399 3190 commorante;

448 3229 526 3293 quae
543 3209 578 3272 in
593 3210 802 3274 monasterio
818 3207 986 3273 Becceusi
1002 3209 1140 3291 sepulta
1153 3216 1218 3286 est,
1235 3209 1307 3273 filio
1323 3209 1400 3293 eJus

385 3317 387 3322 '
446 3309 613 3392 plurimos
635 3329 698 3393 pro
721 3329 763 3374 ea
784 3308 1011 3393 distribuente
1032 3307 1214 3373 thesauros
1234 3309 1400 3387 ecclesiis

447 3411 677 3487 monasteriis,
710 3415 745 3473 et
776 3409 813 3472 in
842 3427 926 3471 usus
956 3426 1145 3490 pauperum
1175 3408 1399 3473 diversorum.

449 3508 532 3573 Fuit
557 3509 631 3574 haec
660 3509 862 3591 imperatrix
891 3507 1037 3571 multum
1061 3507 1141 3571 Duo
1163 3508 1302 3584 devota,
1326 3508 1401 3590 plu·

448 3609 604 3691 rimaqne
626 3609 662 3672 in
690 3609 908 3673 Normaunia
928 3608 1139 3671 monasteria
1161 3607 1400 3690 religiosorum

447 3707 618 3774 fundavit.

287 3817 428 3908 poparum
499 3806 590 3889 Regi
622 3806 818 3889 Anglorum
854 3807 1096 3871 reconciliatur
1131 3805 1154 3869 J
1157 3807 1253 3870 ocius
1291 3807 1403 3870 archi-

287 3896 379 3959 Deo-'n
447 3907 629 3990 episcopus
645 3906 869 3973 Turonensis.
921 3905 1059 3989 Regina
1081 3905 1249 3970 Alienora
1273 3907 1309 3970 iu
1326 3906 1401 3971 An·

447 4005 552 4086 gliam
580 4008 752 4070 transiens
784 4007 891 4070 filium
919 4007 1065 4090 peperit,
1096 4025 1198 4089 quem
1229 4005 1253 4069 J
1255 4025 1400 4070 oannem

446 4105 598 4182 vocavit,
642 4106 678 4168 in
720 4106 840 4187 vigilia
881 4105 1088 4172 Nativitatis
1127 4105 1332 4184 Dominicee,
1365 4107 1402 4170 in

480 4357 489 4390 ¹
501 4357 663 4426 ‘hominum'
674 4362 778 4412 omitted
790 4362 816 4412 in
828 4359 897 4413 D'A.
912 4359 918 4430 Ι
968 4361 979 4390 ²
994 4359 1193 4426 ‘Ieuoneuses3'
1205 4364 1244 4413 M.
