3226 5020
438 481 504 548 258
805 497 879 544 mc.
898 496 1046 544 rnrvnnr

441 655 626 719 enormiter
654 655 842 736 gravastis,
870 662 907 720 et
935 654 1031 736 ipsos
1062 672 1126 735 pro
1153 671 1255 736 posse
1278 662 1397 717 vestro

442 773 589 837 gravare
615 753 821 836 proponitis,
846 753 936 818 sicut
961 772 1023 835 per
1044 753 1179 817 litteras
1204 753 1304 817 nobis
1326 753 1398 834 sig·

443 853 622 929 nificastis,
646 873 709 918 nos
732 853 886 935 ipsorum
913 871 1101 935 gravamen
1126 859 1281 916 nostrum
1305 844 1397 933 ¹pro·

443 953 568 1036 prium,
600 960 636 1016 et
663 972 781 1017 eorum
807 954 965 1017 inimicos
992 971 1092 1034 aeque
1110 960 1260 1016 nostros
1294 971 1396 1032 repu-

443 1060 572 1129 tantes,
603 1071 681 1116 cunr
716 1060 850 1116 tantum
884 1052 1057 1134 praecipue
1088 1051 1245 1134 praedicti
1278 1051 1396 1114 fideles

444 1153 554 1216 nostri
575 1171 639 1233 pro
665 1152 830 1216 fidelitate
855 1170 920 1216 sua
942 1151 1157 1216 observanda
1179 1159 1301 1214 contra
1323 1150 1397 1214 infi-

444 1252 621 1316 delitatem
636 1260 787 1316 vestram
808 1250 907 1314 nobis
923 1251 1067 1314 viriliter
1080 1257 1115 1314 et
1130 1249 1277 1314 fideliter
1295 1251 1397 1314 assis·

445 1359 536 1428 tunt,
567 1350 609 1414 de
638 1359 755 1416 vestra
780 1349 947 1414 fidelitate
970 1350 1024 1414 vel
1054 1369 1172 1414 amore
1200 1369 1269 1414 non
1296 1369 1396 1413 cura-

446 1469 545 1528 mus;
579 1450 640 1514 sed
667 1470 730 1515 vos
762 1457 928 1532 tanquam
962 1456 1098 1514 nostros
1129 1456 1164 1512 et
1189 1468 1307 1514 eorum
1329 1449 1395 1512 ini·

447 1552 554 1616 mices
570 1549 773 1614 diffidamus.
819 1549 926 1613 Teste
943 1549 1074 1630 meipso
1093 1547 1186 1630 apud
1202 1547 1347 1614 Leues?

499 1649 546 1713 Et
566 1669 628 1713 rex
651 1650 755 1714 etiam
782 1647 997 1712 Alemanniae
1021 1655 1058 1712 et
1084 1648 1276 1712 Edwardus
1306 1647 1397 1712 lilius

448 1748 551 1830 regis,
573 1748 711 1812 nomine
733 1767 796 1812 suo
815 1754 850 1811 et
870 1747 1016 1812 aliorum
1039 1748 1112 1830 regi
1138 1747 1398 1823 adhaerentium,

448 1849 661 1929 scripserunt
687 1847 860 1929 praedictis
893 1847 1076 1912 comitibus
1104 1855 1140 1910 et
1165 1867 1282 1912 eorum
1306 1866 1399 1910 com·

448 1947 596 2030 plicibus
611 1948 647 2010 in
665 1947 730 2013 bac
746 1946 877 2010 forma:

287 2059 378 2148 {iffi
388 2059 430 2098 ⁸¹¹⁶
499 2045 696 2111 ‘Ricardus
716 2046 786 2110 Dnl
812 2045 927 2127 gratia
949 2063 1014 2108 rex
1029 2037 1286 2109 ²R0man0rum
1310 2064 1399 2108 sem-

286 2159 381 2248 gggntpe
449 2165 510 2228 per
539 2144 736 2227 AugustuS,
765 2153 801 2209 et
826 2144 1018 2210 Edwardus
1041 2143 1187 2208 illustris
1211 2145 1304 2226 regis
1327 2142 1399 2210 An·

364 2235 369 2246 ⁸
449 2245 529 2327 glise
555 2246 816 2328 primogenitus,
843 2242 1017 2325 ceterique
1045 2245 1192 2308 barones
1219 2263 1339 2308 omnes
1364 2251 1400 2308 et

448 2346 593 2421 nobiles,
608 2345 774 2427 praedicto
791 2344 865 2425 regi
883 2341 1022 2424 Angliae
1047 2350 1247 2408 constanter
1267 2351 1303 2407 et
1317 2342 1399 2406 'sin-

448 2463 527 2508 cera
548 2443 614 2508 fide
637 2452 744 2527 atque
766 2443 928 2526 operibus
947 2441 1175 2520 adhaerentes,
1194 2443 1338 2525 Symoni
1357 2443 1400 2506 de

449 2544 678 2620 Monte-forti,
705 2542 884 2609 Gileberto
914 2541 1091 2618 deClare,
1115 2561 1156 2606 ac
1177 2543 1300 2607 ceteris
1324 2542 1399 2606 uni-

449 2645 559 2707 versis
579 2651 615 2710 et
633 2643 780 2724 singulis
802 2640 955 2724 perfidiae
972 2660 1045 2705 suae
1060 2641 1295 2723 complicibus.
1343 2641 1399 2705 Ex

449 2741 574 2806 litteris
600 2743 737 2817 vestris,
756 2760 844 2824 quas
866 2740 1005 2804 domino
1030 2749 1150 2805 nostro
1177 2741 1304 2806 illustri
1325 2739 1402 2822 regi
1472 2787 1475 2790 -

449 2839 588 2920 Angliae
613 2839 854 2904 transmisistis
885 2839 1081 2923 accepimus
1113 2859 1177 2904 uos
1208 2859 1284 2905 esse
1313 2838 1400 2903 diffi-

450 2940 550 3002 datos
593 2958 615 3002 a
656 2940 766 3015 vobis,
807 2940 965 3020 quamvis
1006 2938 1204 3022 hujusmodi
1236 2932 1401 3003 ³verbalis

450 3036 616 3106 diffidatio
639 3039 725 3102 satis
749 3037 906 3101 fueritin
926 3031 1008 3102 *nos
1029 3038 1168 3102 realiter
1187 3045 1268 3102 ante
1284 3045 1401 3103 vestra

404 3189 427 3232 .
451 3136 581 3214 hostili,
606 3139 642 3202 in
670 3157 783 3202 rerum
806 3131 1011 3202 'nostrarum
1037 3137 1203 3202 incendiis
1231 3145 1266 3201 et
1296 3140 1401 3202 bono-

450 3257 526 3300 rum
561 3245 757 3302 nostrorum
794 3235 1131 3318 depopulationibus,
1163 3238 1401 3319 persecutione

449 3337 597 3420 prolata.
651 3337 727 3402 Nos
742 3336 848 3418 igitur
863 3335 951 3400 scire
978 3355 1038 3400 vos
1060 3336 1232 3412 volumus,
1258 3355 1279 3400 a
1302 3337 1401 3400 nobis

449 3437 619 3502 universis
637 3444 672 3500 et
691 3435 836 3517 singulis
853 3453 916 3499 vos
931 3442 1096 3518 tanquam
1114 3435 1232 3500 hostes
1247 3436 1401 3518 publicos

450 3537 494 3600 ab
517 3536 673 3599 hostibus
694 3534 878 3610 diffidatos,
905 3535 964 3617 qui
990 3534 1151 3617 deinceps
1175 3554 1401 3617 personarum

449 3643 642 3700 vestrarum
666 3643 701 3699 et
727 3654 841 3698 rerum
864 3633 1064 3715 dispendiis
1088 3635 1284 3717 ubicunque
1303 3635 1401 3698 nobis

450 3735 493 3798 ad
521 3735 587 3798 boc
617 3733 765 3798 facultas
794 3733 911 3809 fuerit,
935 3733 1017 3796 totis
1040 3733 1171 3797 viribus
1203 3741 1239 3797 et
1271 3734 1402 3797 nisibus
1500 3711 1517 3734 ⁰

449 3834 659 3898 insistemus.
712 3833 767 3896 De
784 3832 851 3896 boc
874 3832 967 3913 quod
988 3831 1077 3896 falsa
1097 3833 1196 3898 nobis
1214 3833 1403 3914 imponitis,

450 3933 543 4015 quod
560 3952 623 3998 nec
637 3931 737 3998 fidele
759 3951 821 3994 uec
840 3932 966 3994 bonum
982 3931 1161 3996 consilium
1182 3931 1249 4013 ipsi
1266 3933 1403 3997 domino

487 4140 493 4168 ¹
510 4141 518 4167 ‘
529 4140 685 4200 propositum
695 4133 711 4199 ;'
723 4139 762 4187 M.
773 4142 798 4186 et
809 4136 857 4187 Ar.
977 4137 987 4167 ⁸
1004 4141 1132 4190 ‘formalis
1140 4141 1157 4198 ;'
1167 4141 1206 4190 M.
1219 4145 1244 4189 et
1254 4140 1302 4190 Ar.

485 4203 496 4235 ²
512 4209 551 4256 Μ.
568 4209 618 4256 and
637 4207 682 4257 Ar.
703 4206 767 4257 have
788 4208 914 4257 ‘Franco-

450 4292 505 4326 rum
515 4273 530 4326 ι’
550 4277 718 4338 evidentlyan
732 4292 808 4326 error.
975 4277 985 4307 ⁴
1002 4280 1063 4328 ‘vos
1073 4274 1088 4338 ;'
1102 4280 1161 4328 Cod.
1175 4280 1238 4342 Reg.
