3170 5020
598 474 777 523 aurnuns.
1095 457 1160 521 391

209 628 373 692 atrociter
397 630 631 708 absciderunt,
660 648 787 714 parvos
809 629 989 694 clericulos
1015 631 1158 712 primam
1173 646 1279 737 fflffl'

209 732 388 792 tonsuram
419 729 597 808 habentne,
627 741 662 796 et
690 730 951 812 grammaticam
981 708 1277 798 adducar-{illoc

209 833 274 903 tes,
299 827 542 896 adnumerum
569 831 706 895 circiter
727 830 951 895 ducentorum
974 830 1010 894 in
1033 830 1160 894 scholis

209 926 410 1005 existentes,
428 930 614 995 obstructis
640 930 738 994 ostiis
761 929 955 995 scholarum
979 929 1060 1010 igne
1075 949 1159 1013 sup·

208 1025 322 1106 posito
337 1037 588 1094 cremaverunt.

260 1123 358 1190 ‘Nos
374 1146 511 1210 qnoque
529 1122 724 1192 ¹cerncntes
736 1134 789 1192 tot
806 1129 943 1204 damna,
961 1127 1158 1209 opprobria,

209 1222 375 1302 facinora,
401 1235 436 1290 et
458 1227 614 1310 injurias,
629 1229 666 1290 in
683 1227 986 1293 exheredationem
1003 1234 1157 1290 nostram

209 1329 245 1386 et
279 1323 547 1390 destructionem
586 1325 706 1409 populi
737 1328 846 1392 nostri
882 1325 1158 1408 proditionaliter

209 1422 368 1504 irrogari,
400 1445 463 1490 nec
493 1425 650 1492 valentes
692 1426 826 1490 ratione
852 1423 1054 1509 juramenti,
1087 1444 1157 1507 qno

210 1521 254 1584 ad
276 1515 589 1588 ²conservationem
609 1524 739 1607 jurium
766 1545 903 1590 coronae
927 1524 1025 1605 regni
1046 1524 1157 1588 nostri

210 1639 328 1687 sumus
350 1621 518 1700 adstricti,
538 1624 717 1706 praemissa
739 1623 894 1689 facinora
911 1623 1055 1688 ulterius
1074 1643 1156 1688 con·

209 1720 331 1797 colare,
349 1741 412 1786 nec
424 1723 507 1806 jura
529 1729 648 1788 nostra
663 1724 857 1806 relinquere
872 1723 1061 1798 indefensa,
1078 1742 1156 1787 cum

208 1839 270 1901 per
298 1820 393 1902 leges
418 1822 531 1905 ipsum
558 1821 743 1900 Joannem,
769 1830 852 1890 tunc
878 1842 995 1904 regam
1017 1822 1157 1900 Scotire,

208 1927 413 2003 gentemque
434 1941 533 1986 suam
548 1921 647 1986 nobis
668 1923 853 2000 subditam,
866 1922 1059 2007 justificare
1071 1915 1157 1986 ⁸non

209 2038 400 2100 possemus
428 2041 491 2086 nec
527 2022 641 2104 ipsum
668 2041 812 2102 regnum
842 2022 981 2099 Scotiae,
1013 2021 1105 2103 quod
1135 2041 1157 2085 a

208 2118 417 2198 longissimis
444 2121 668 2202 temporibus
699 2120 790 2185 sicut
813 2122 972 2203 superins
997 2120 1157 2202 exprimi·

209 2224 277 2293 tur,
305 2218 403 2281 nobis
428 2226 464 2282 et
485 2219 763 2300 progenitoribus
787 2220 915 2284 nostris
939 2218 1073 2282 fecdale
1097 2238 1156 2282 ox·

209 2315 299 2381 stitit
325 2318 361 2380 in
384 2318 498 2382 causis
524 2318 721 2400 praedictis3
748 2325 869 2383 contra
894 2318 1023 2381 dictum
1047 2317 1071 2382 J
1073 2337 1156 2381 oan-

208 2434 286 2478 nem
308 2424 343 2479 et
360 2423 496 2498 gentem
522 2417 702 2481 Scotorum
729 2418 819 2483 vires
840 2417 1005 2499 potentiae
1026 2423 1155 2481 nostrae

209 2514 440 2592 extendimus,
466 2525 569 2598 prout
590 2517 634 2580 de
653 2515 733 2600 jure
756 2517 856 2581 nobis
878 2516 988 2592 licuit,
1014 2524 1050 2580 et
1076 2535 1157 2598 pro·

209 2614 374 2680 cessimus
401 2625 523 2683 contra
553 2617 647 2698 ipsos
679 2623 846 2698 tanquam
872 2615 989 2680 hostes
1018 2622 1155 2680 nostros

208 2721 244 2777 et
269 2713 474 2796 proditores.
536 2715 701 2798 Snbjecto
732 2717 850 2798 itaque
879 2733 986 2796 regno
1013 2714 1154 2792 Scotiae,

207 2820 242 2876 et
257 2813 338 2896 jure
361 2815 583 2897 proprietatis
603 2822 730 2880 nostrae
749 2815 870 2880 ditioni
890 2816 1047 2891 subacto,
1064 2833 1152 2896 prae·

207 2911 300 2977 latus
326 2913 350 2978 J
352 2933 482 2978 oannes
506 2914 677 2996 qnondam
704 2933 766 2981 rex
790 2912 917 2978 Scotiae
938 2914 1052 2995 ipsum
1075 2933 1151 2994 reg·

207 3031 289 3075 num
316 3012 443 3077 Scotiae
472 3020 643 3096 quatenns
674 3013 716 3076 de
747 3013 841 3077 facto
871 3014 994 3088 tenuit,
1017 3019 1152 3094 sponte,

208 3129 303 3192 pure,
331 3118 367 3175 et
392 3112 550 3178 absolute
581 3111 728 3176 reddidit
755 3113 792 3175 in
820 3130 960 3177 manum
987 3118 1153 3188 nostram,

207 3209 419 3292 proditiones
443 3217 478 3275 et
502 3211 633 3274 scelera
650 3217 839 3275 memorata
855 3229 971 3274 coram
995 3210 1094 3274 nobis
1118 3217 1154 3274 et

208 3310 406 3390 proceribus
435 3311 563 3375 nostris
589 3310 725 3392 publice
749 3318 1011 3391 recognoscens.
1074 3306 1154 3387 Quo

207 3415 358 3490 peracto,
387 3409 523 3491 praefati
550 3411 693 3474 comites
719 3417 754 3473 et
777 3410 936 3486 barones,
964 3407 1096 3472 nobiles
1119 3415 1155 3472 et

208 3509 472 3572 communitates
511 3509 610 3590 regni
645 3509 784 3586 Scotiae,
821 3527 908 3590 quos
950 3507 994 3570 ad
1034 3525 1153 3590 pacem

207 3615 363 3671 nostram
394 3609 526 3688 regiam
556 3609 780 3690 suscepimus,
816 3609 1064 3688 subsequenter
1091 3606 1153 3670 ho·

207 3707 325 3786 magia
365 3713 401 3771 et
437 3706 621 3772 fidelitates
672 3707 784 3784 nobis,
829 3714 996 3788 tanquam
1034 3706 1152 3770 imme·

207 3805 303 3870 diato
326 3805 465 3870 domino
487 3813 523 3869 et
551 3807 691 3889 proprio
714 3806 868 3889 ejusdem
896 3805 994 3886 regni
1015 3803 1154 3882 Scotino,

206 3904 361 3970 focerunt
383 3911 418 3969 et
437 3906 696 3988 praestiterunt:
720 3925 761 3970 ac
780 3905 885 3972 etiam
899 3903 1042 3968 redditis
1056 3903 1155 3968 nobis

242 4161 444 4226 '‘trementes;'
457 4164 575 4215 Anno.
731 4162 835 4216 ³‘non’
858 4167 881 4216 is
903 4167 1006 4216 omitted
1031 4168 1058 4217 in
1080 4167 1156 4218 Mart.

241 4230 605 4297 '‘confirmationem3'D'A.
695 4238 775 4287 West.
