3226 5020
638 478 821 528 truanes.
1136 466 1202 532 279

244 640 363 713 posset
381 652 402 696 a
427 652 634 716 quocunque
655 635 817 715 episcopo
835 633 1006 698 catholico
1029 654 1131 716 quem
1155 638 1198 701 ad

236 731 310 795 rhoc
342 733 481 796 duxerit
509 733 717 813 eligendum.
771 733 886 814 Elegit
915 734 1029 797 autem
1062 734 1197 799 Willel-

245 851 338 893 mum
368 832 648 908 Bathoniensem‚
679 833 738 913 qui
768 833 859 896 fama
886 833 1082 897 sanctitatis
1108 835 1199 899 inter

243 938 376 994 ceteros
393 933 577 1013 plurimum
594 931 791 996 efflorebat:
806 951 841 1008 ,α
861 951 942 1014 quo,
969 936 1196 1014 praesentibus

244 1031 401 1094 undecim
424 1031 664 1114 suffraganeis,
694 1031 875 1096 Dominica
903 1033 1013 1114 prima
1036 1032 1196 1110 Quadra-

244 1131 385 1211 gesimae
401 1130 599 1195 Cantuariae
617 1139 850 1195 consecratur.

293 1229 465 1293 Ricardus
481 1250 543 1294 rex
558 1230 807 1307 Romanorum,
819 1231 926 1294 frater
939 1231 1030 1312 regis
1043 1230 1195 1361 Alngliae,
1210 1249 1278 1290 uentu
1288 1252 1311 1290 or

236 1337 367 1410 quarto
399 1350 508 1394 nonas
544 1329 674 1412 Aprilis
705 1331 797 1412 apud
821 1337 973 1394 castrum
992 1330 1043 1394 de
1070 1324 1194 1395 ¹Berk
1207 1301 1335 1399 lllllla

242 1426 419 1492 hamstede
452 1431 543 1492 viam
577 1432 746 1492 universae
772 1431 885 1493 carnis
911 1431 1088 1512 ingressus
1118 1439 1192 1494 est·
1184 1401 1310 1510 filiii?

244 1527 344 1610 cujus
364 1548 423 1592 cor
445 1529 480 1591 in
503 1529 647 1594 ecclesia
669 1530 812 1593 fratrum
833 1530 1006 1592 Minorum
1035 1530 1193 1608 Oxoniae,

242 1645 368 1708 corpus
396 1648 475 1692 vero
510 1631 545 1692 in
584 1629 728 1692 ecclesia
767 1629 1011 1692 monachornm
1046 1621 1193 1693 ²ordinis

243 1725 318 1790 cist
305 1728 481 1791 terciensis
498 1729 540 1792 de
557 1729 705 1811 Hayles,
723 1747 826 1810 quam
843 1729 916 1810 ipse
933 1729 1097 1810 impensis
1114 1749 1194 1811 pro-

240 1827 323 1907 priis
342 1834 595 1905 construxerat,
613 1827 788 1910 sepelitur.
823 1829 951 1892 Eodem
969 1847 1059 1893 anno
1076 1849 1192 1893 mense
1206 1846 1305 1885 norwich

242 1924 394 2006 Augusti
413 1929 505 1992 cives
526 1927 781 2005 Norwicenses,
803 1929 991 2010 prioratum
1009 1929 1192 2007 monacho·
1205 1897 1312 1986 iiiiii*

241 2044 315 2088 rum
344 2026 559 2105 invadentes
583 2029 844 2092 combusserunt
869 2028 1049 2091 ecclesiam
1076 2028 1193 2093 cathe-

240 2124 381 2190 dralem.
432 2126 626 2210 Superque
645 2147 681 2190 re
702 2127 901 2208 indignatus
923 2126 1106 2192 admodum
1128 2149 1191 2192 rex

242 2222 428 2302 Henricus
445 2227 489 2290 ad
507 2228 638 2291 vindict
624 2234 695 2291 tam
714 2227 875 2291 malefact
861 2233 974 2290 torum
997 2227 1091 2291 misit
1108 2228 1190 2291 illuc

235 2323 461 2406 justitiarium
477 2327 564 2390 milit
551 2335 619 2390 tem
637 2327 820 2408 quendam,
839 2326 1007 2389 Thomam
1023 2321 1190 2390 ³Treveth
1204 2342 1298 2382 Thomas

240 2423 383 2500 dictum,
415 2426 474 2506 qui
512 2433 547 2489 et
580 2425 790 2508 justitiarius
828 2426 961 2488 itineris
998 2426 1112 2490 fuerat
1149 2393 1342 2531 depilfrlihor'·

188 2595 192 2600 ,
240 2542 380 2600 corona,
410 2525 509 2608 cujus
538 2525 630 2588 filius
659 2532 733 2588 erat
765 2525 825 2606 qui
861 2525 1056 2589 chronicam
1087 2526 1189 2588 istam
1211 2496 1233 2531 a
1250 2503 1273 2531 π

238 2623 388 2705 scripsit.
442 2624 596 2705 Urgente
619 2633 732 2688 autem
757 2624 919 2688 mandato
942 2626 1049 2706 regio,
1075 2624 1191 2688 horro-

238 2741 343 2802 reque
372 2722 546 2800 sacinoris,
578 2743 705 2805 magna
735 2724 919 2788 multitudo
945 2725 1083 2800 civium,
1108 2743 1191 2787 con-

241 2821 333 2884 victa
351 2821 392 2885 de
410 2822 539 2886 scelere
560 2832 670 2900 tanto,
695 2824 738 2886 ad
760 2823 887 2888 caudas
904 2844 1069 2906 equorum
1088 2826 1191 2888 tracti

239 2915 452 3002 suspendio4
457 2925 683 3004 perimuntur

290 3019 464 3084 Henricus
482 3020 673 3103 Angloruur
699 3043 761 3086 rex
785 3043 903 3086 mense
922 3021 1146 3086 Novembri
1137 3043 1189 3085 rn-
1202 3041 1305 3080 uestros

238 3119 399 3184 firmitate
415 3131 605 3202 correptus
629 3123 662 3185 in
686 3122 741 3185 die
763 3123 874 3186 sancti
893 3122 1100 3198 Eadmundi,
1118 3122 1189 3204 epi·
1202 3092 1308 3185 1333er

1202 3191 1244 3229 and
1253 3167 1327 3238 butiril,

237 3221 333 3300 scopi
359 3229 393 3283 et
416 3221 687 3297 confessoriam
711 3222 863 3285 Domino
885 3221 1103 3284 obdormivit.
1146 3222 1258 3284 Inuov
1268 3243 1300 3279 2⁰.

237 3319 291 3382 die
306 3339 389 3382 vero
404 3320 497 3383 beati
514 3319 719 3396 Eadmundi,
740 3321 831 3402 regis
853 3327 889 3383 et
904 3320 1077 3401 martyris,
1096 3320 1187 3400 apud

236 3417 582 3482 Westmonasterinm
612 3421 760 3483 traditur
786 3419 983 3501 sepulturae.
1031 3417 1104 3481 Iste
1126 3411 1203 3483 rex⁴

237 3526 403 3598 quantum
431 3520 466 3581 in
491 3518 610 3582 saeculi
637 3520 771 3582 actibus
800 3526 943 3600 putatur
969 3517 1081 3579 minus
1111 3538 1189 3598 pru·

271 3783 279 3812 ¹
297 3787 305 3814 ‘
314 3780 484 3846 Bromstede5’
503 3786 562 3834 M.:
581 3784 699 3832 ‘Broim
724 3782 792 3840 dale,
809 3798 833 3832 v.
850 3784 917 3840 6863
934 3779 984 3828 and
994 3781 1109 3844 ,Tannen
1126 3780 1188 3828 Not.

237 3856 293 3904 stad
301 3851 315 3914 ;’
327 3854 374 3904 Ar.
725 3856 782 3900 149.

271 3922 699 3983 ²TheCistercianabbeyofHales‚
759 3918 769 3948 ³
784 3914 901 3968 ‘Trevet’
913 3919 936 3966 is
945 3918 986 3967 the
996 3918 1193 3979 correctwayof

237 3996 261 4043 in
274 3993 505 4054 Gloucestershire,
515 4008 570 4041 was
587 3993 697 4040 founded
724 3990 832 4051 spelling
844 4004 890 4037 our
901 3983 1011 4037 author’s
1024 4002 1113 4046 name3
1126 4003 1154 4036 as
1167 3989 1189 4036 is

236 4065 262 4112 in
274 4066 316 4114 the
333 4079 395 4126 year
408 4067 481 4124 1246,
492 4063 542 4112 and
554 4061 679 4110 finished'
673 4077 697 4109 rn
724 4061 828 4140 proved,
841 4059 904 4107 with
921 4071 1024 4106 reasons
1041 4057 1079 4106 for
1096 4059 1189 4106 retain-

238 4138 310 4184 1254.
347 4134 372 4182 It
388 4147 443 4181 was
462 4149 478 4182 a
497 4133 587 4180 mitred
607 4133 698 4192 abheJr,
723 4131 766 4191 ing
783 4129 825 4177 the
842 4127 1012 4188 orthography
1027 4127 1056 4174 of
1069 4122 1188 4187 ‘Trivet,‘

237 4205 287 4252 and
298 4204 340 4252 the
349 4203 444 4252 church
458 4218 510 4250 was
527 4201 661 4250 dedicated
672 4204 698 4249 to
723 4200 748 4246 in
760 4199 801 4247 he
813 4198 913 4259 praiaco
924 4202 950 4246 to
962 4197 1012 4245 this
1023 4197 1126 4246 edition.

236 4275 272 4325 St.
283 4274 359 4334 Mary
367 4273 417 4322 and
427 4273 470 4320 All
480 4273 606 4320 Hellows.
624 4271 697 4332 Dug-
758 4266 769 4295 ⁴
785 4270 792 4296 ‘
803 4269 944 4328 puniuntur
954 4263 969 4321 ς’
981 4265 1027 4314 Ar.
