3180 5026
791 519 862 566 Nic.
882 517 1030 564 Tsstvss'rl

461 707 486 742 1).
500 695 591 742 mata
645 706 704 742 -1l’.
718 705 880 741 ROMANOBUM
894 706 919 740 a.
1014 703 1167 738 FRANGORUM
1221 704 1358 738 ANGLORUM

484 792 572 828 mcum.
631 791 734 828 uuonan
746 791 784 828 111.
812 790 973 826 tranantem.
1004 790 1176 826 Looovavn.
1220 787 1351 826 'spartium

1073 851 1113 897 16.

270 968 358 1056 ,ξξξξξζῦ
484 972 697 1048 HenathS,
709 971 936 1035 Normanniae
946 972 1031 1048 dux,
1042 971 1270 1055 imperatricis
1282 972 1385 1048 filine,

270 1067 373 1116 ΕΜ·
433 1070 477 1135 ad
501 1092 645 1153 regnum
665 1070 815 1152 Augilas,
838 1071 929 1152 quod
957 1072 1023 1135 sibi
1046 1081 1203 1135 materno
1225 1071 1306 1155 jure
1328 1071 1385 1134 de

432 1171 591 1248 bebatur,
615 1170 793 1246 anhelans
816 1178 1057 1253 occupatorem
1080 1170 1155 1253 ejus
1173 1190 1288 1252 regem
1306 1170 1384 1234 Ste-

434 1270 587 1353 phanum
620 1271 655 1335 in
688 1288 791 1333 manu
828 1271 962 1352 potenti
1000 1270 1125 1334 statuit
1154 1263 1385 1352 ¹expugnare.

434 1371 656 1435 Immunitam
688 1376 804 1433 tamen
835 1369 955 1433 nolens
986 1371 1178 1452 relinquere
1212 1369 1387 1434 Norman-

430 1471 539 1549 niam,
566 1490 607 1534 eo
633 1468 725 1553 quod
749 1488 865 1551 regem
896 1470 1107 1536 Francorum
1134 1469 1284 1533 babebat
1309 1488 1386 1533 sus-

434 1578 585 1652 pectum
603 1567 772 1655 (sororem
803 1587 951 1652 namque
984 1568 1137 1653 ejusdem
1163 1568 1385 1645 Eustachius‚

433 1669 601 1751 Stephani
636 1669 729 1750 regis
767 1667 871 1745 filius,
906 1689 1050 1732 uxorem
1090 1665 1256 1752 duxerat)
1283 1661 1384 1732 .²cum

434 1769 587 1832 exercitu
608 1775 744 1832 tantum
764 1768 1151 1851 centumquadraginta
1174 1768 1332 1845 militum,
1351 1776 1386 1832 et

435 1869 545 1931 tribus
556 1867 707 1931 millibus
724 1866 889 1949 peditum,
904 1887 942 1930 se
959 1868 993 1931 in
1013 1865 1175 1949 Angliam
1195 1868 1386 1932 transtulit.

436 1965 698 2032 confluentibus
726 1974 841 2030 tamen
869 1967 912 2029 ad
939 1986 1016 2030 eum
1039 1967 1205 2030 militibus
1235 1964 1385 2048 Angliae‚

436 2067 494 2149 qui
529 2066 678 2152 justitiae
712 2066 787 2149 ejus
822 2067 931 2129 zelum
963 2068 1142 2148 gerebant,
1180 2066 1223 2129 de
1262 2067 1316 2130 die
1348 2065 1384 2128 in

435 2166 525 2230 diem
552 2167 627 2251 ejus
650 2167 822 2229 exercitus
845 2166 1070 2246 augebatur·
1102 2165 1248 2230 Obsedit
1271 2173 1404 2229 autem·

436 2265 548 2349 primo
575 2267 796 2329 munitionem
818 2259 1096 2340 ³Malmesbiriae‚
1115 2266 1174 2329 ubi
1197 2265 1289 2348 regis
1310 2265 1387 2328 Ste-

436 2365 542 2450 phani
558 2375 633 2429 erat
650 2364 859 2448 praesidium.
900 2364 967 2429 Cui
980 2385 1041 2428 rex
1057 2384 1135 2428 cum
1153 2384 1216 2429 suo
1232 2364 1387 2428 exercitu

436 2465 691 2549 superveniens
715 2485 779 2530 nec
794 2464 913 2528 ducem
932 2464 976 2528 ad
1000 2472 1156 2547 apertum
1180 2464 1291 2546 praelii
1307 2484 1389 2529 con-

436 2585 591 2648 gressum
608 2584 762 2641 evocare,
778 2583 840 2627 uec
852 2565 1064 2628 obsidionem
1081 2566 1194 2647 potuit
1209 2575 1385 2643 amover03

436 2666 638 2748 quinimmo.
655 2670 775 2727 contra
803 2670 919 2726 castra
944 2664 1085 2728 hostilia
1113 2665 1278 2728 excubias
1305 2683 1386 2746 pro·

436 2765 578 2828 lixiores
603 2762 728 2840 tacere,
752 2769 928 2826 crescente
954 2771 1126 2846 potestate
1154 2763 1311 2838 adversa,
1333 2770 1389 2828 tu-

438 2871 510 2928 tum
537 2863 677 2927 minime
706 2869 883 2944 reputans,
907 2862 988 2925 dum
1017 2863 1218 2941 discederet,
1246 2864 1401 2928 obsessa·

438 2962 584 3026 munitio
600 2962 636 3024 in
657 2961 845 3027 obsidentis
867 2963 1005 3026 transiit
1023 2969 1242 3045 potestatem.
1289 2962 1312 3026 J
1315 2982 1387 3026 am-

437 3082 504 3145 que
519 3062 738 3126 incrementis
756 3061 892 3137 virium,
915 3070 950 3126 et
966 3062 1131 3127 felicitate
1154 3081 1387 3138 successuum,

436 3162 534 3225 ducis
557 3161 668 3243 gloria
689 3161 878 3225 adversarii
903 3179 1027 3226 nomen
1049 3163 1182 3244 regium
1205 3163 1388 3226 adumbra-

437 3262 499 3327 vit.
569 3262 651 3325 Dux
682 3260 761 3324 inde
790 3281 867 3325 cum
898 3261 1052 3325 exercitu
1082 3263 1253 3326 instructo
1281 3261 1385 3325 Stan-

437 3361 582 3426 sordiam
604 3353 721 3438 ⁴adiit,
754 3380 824 3444 qua
852 3360 1009 3426 celeriter
1036 3369 1250 3444 expugnata,
1277 3361 1389 3423 muni-

436 3462 563 3526 tionem
581 3461 656 3544 ejus
667 3460 770 3542 cepit,
784 3459 880 3542 regio
896 3460 1007 3544 ejecto
1025 3461 1194 3543 praesidio.
1232 3460 1387 3524 Audiens

436 3569 551 3626 autem
568 3561 686 3626 villam
703 3555 899 3642 ⁵Gipewici,
923 3579 1001 3643 quae
1024 3561 1066 3624 ad
1090 3561 1187 3624 ducis
1210 3580 1248 3624 se
1270 3568 1387 3642 partes

437 3661 675 3737 transtulerat,
695 3658 844 3726 obsideri
862 3679 884 3722 a
897 3678 992 3740 rege,
1014 3659 1097 3723 illuc
1119 3667 1302 3742 properat3
1326 3660 1385 3723 sed

471 3810 479 3842 ¹
496 3813 643 3861 ‘Henricus
654 3809 847 3872 Andegavensis
858 3823 899 3857 co·
960 3805 971 3838 ²
986 3811 1059 3857 ‘cum
1070 3823 1150 3870 parva
1161 3823 1235 3858 manu
1245 3804 1262 3870 ς’
1279 3809 1326 3859 Ar.

435 3883 504 3931 mitis
514 3883 592 3942 tilius,
602 3880 733 3942 dispositis
750 3894 795 3940 pro
806 3892 900 3939 angus·

435 3953 472 3998 tie
485 3951 605 4012 temporis
622 3951 698 3998 rebus
709 3949 857 4009 Aquitauiae
873 3953 900 3996 et
958 3944 970 3978 ⁸
987 3948 1193 3998 ‘Malmesburiae
1202 3944 1216 4010 ;'
1229 3949 1268 3999 M.
1281 3954 1305 3998 et
1316 3949 1364 4000 Ar.

436 4019 609 4074 Normunniae,
634 4018 667 4066 de
695 4032 772 4080 regno
795 4017 898 4079 Angliae

436 4091 505 4151 quod
518 4089 578 4150 jure
594 4088 730 4150 perspicuo
742 4087 899 4148 competebat
959 4086 968 4116 ⁴
985 4087 1057 4137 ‘adit
1068 4082 1083 4147 ς’
1095 4083 1163 4137 ΠΛ.

435 4159 554 4208 fraudare
565 4173 614 4206 non
625 4157 725 4219 patiens
741 4157 828 4218 animi,
838 4157 899 4206 licet

435 4228 536 4291 negotio
553 4229 633 4276 arduo
643 4225 800 4289 difficilique,
817 4227 898 4275 iuten-
959 4223 968 4254 ⁶
985 4226 994 4254 ‘
1001 4226 1144 4289 Gipeswici
1154 4223 1168 4288 ;’
1181 4228 1220 4276 M.
1230 4231 1254 4275 et
1266 4227 1313 4278 Ar.
1332 4229 1391 4291 Ips-

434 4300 473 4348 dit
481 4294 497 4359 ;'
513 4297 561 4348 Ar.
924 4296 999 4345 wich.
