3180 5026
290 695 392 735 uerno

288 745 430 835 ihm

451 487 496 554 48
809 505 883 553 nro.
901 504 1050 554 rmvnrr

452 663 511 726 sis.
555 661 599 724 In
609 661 731 743 vigilia
744 661 780 726 S.
795 659 1042 725 Bartholomaei
1058 660 1144 724 obiit
1152 660 1328 725 Adrianus
1340 680 1405 742 pa·

452 782 509 845 pa,
527 780 605 824 cum
622 761 767 826 sedisset
787 761 886 824 annis
902 767 1062 841 quatuor,
1080 761 1255 824 mensibus
1273 767 1352 824 octo
1369 768 1404 824 et

451 861 571 925 diebus
599 880 735 936 novem,
763 868 799 924 et
826 861 964 924 vacavit
988 860 1088 924 sedes
1114 860 1235 924 diebus
1257 880 1403 938 novem3

452 961 676 1043 sepultusque
692 961 794 1024 estin
810 959 984 1023 Vaticano
995 959 1102 1042 juxta
1118 979 1244 1042 corpus
1255 960 1403 1040 Eugenii
1429 1018 1446 1044 ,

451 1079 564 1142 papae.
616 1059 688 1123 Hic
709 1067 861 1123 castrum
883 1066 1005 1123 contra
1026 1059 1139 1123 lacum
1161 1065 1291 1123 sanctae
1310 1057 1404 1124 Cris-

452 1160 546 1236 tinae,
568 1165 603 1224 et
618 1159 746 1223 multas
769 1158 1004 1241 possessiones
1027 1177 1048 1221 a
1065 1159 1248 1223 comitibus
1264 1178 1404 1240 compa-

451 1259 554 1324 ravit.
616 1259 690 1323 Cal.
718 1258 929 1340 Septembris
956 1257 1138 1321 Rolandus
1163 1258 1403 1335 cancellarius,

452 1359 544 1422 tituli
569 1359 680 1423 sancti
704 1358 816 1422 Marci
838 1357 1018 1440 presbyter
1037 1358 1233 1434 cardinalis,
1262 1359 1402 1422 natione

452 1459 601 1536 Tuscus,
626 1460 740 1540 patria
766 1457 940 1533 Senensis,
968 1458 1004 1519 in
1034 1476 1161 1539 papam
1191 1457 1342 1538 eligitur,
1367 1467 1403 1522 et

452 1567 597 1622 vocatus
616 1565 670 1621 cst
687 1556 887 1621 Alexander
902 1555 977 1619 III.
994 1556 1135 1620 Electus
1150 1564 1203 1620 est
1219 1557 1263 1620 ab
1279 1557 1401 1639 aliqui-

453 1658 516 1721 bus
538 1656 770 1720 cardinalibus
792 1650 1036 1732 ¹OctavianuS,
1056 1657 1149 1720 tituli
1166 1655 1201 1720 S.
1216 1655 1341 1720 Mariae
1365 1658 1400 1721 in

451 1749 663 1838 ²Cosmodyu
674 1756 853 1838 presbyter
863 1755 1059 1831 cardinalis
1074 1757 1180 1837 quise
1193 1755 1402 1822 vocarifecit

453 1855 631 1920 Victorem
649 1855 801 1932 tertium,
824 1863 859 1920 et
876 1861 1050 1937 potestate
1073 1862 1254 1937 parentum
1272 1856 1401 1921 invasit

451 1961 629 2037 papatum,
645 1955 895 2036 suscitavitque
911 1954 1072 2019 schisma.

378 2095 402 2134 η
501 2055 665 2118 Terricus
684 2073 800 2118 comes
827 2054 999 2118 Flandriae
1021 2054 1123 2118 rediit
1139 2055 1174 2117 in
1193 2053 1400 2135 Jerusalem,

452 2155 551 2236 cujus
577 2173 679 2231 uxor,
705 2155 815 2218 invito
842 2154 979 2232 marito,
1002 2155 1166 2219 remansit
1188 2173 1265 2217 cum
1294 2156 1401 2220 abba-

452 2255 538 2318 tissa
565 2253 601 2318 S.
627 2248 769 2318 ⁸Lazari
802 2254 838 2316 in
870 2253 1053 2318 Bethania.
1106 2253 1229 2318 Mense
1256 2253 1399 2320 Octobri

453 2353 628 2418 Henricus
651 2373 714 2417 rex
737 2350 887 2435 Angue,
914 2353 1047 2417 munita
1068 2353 1209 2417 civitate
1231 2353 1399 2419 Caturco·

451 2474 526 2517 rum
550 2462 585 2518 et
608 2452 848 2518 commendata
869 2452 1013 2517 Thomae
1033 2453 1240 2517 cancellario
1264 2473 1339 2532 suo,
1363 2464 1399 2519 et

451 2553 627 2635 dispositis
652 2553 854 2617 custodibus
874 2553 1082 2636 auxiliisque
1107 2553 1143 2617 in
1165 2553 1251 2617 locis
1273 2572 1399 2636 oppor-

450 2653 556 2728 tunis,
579 2653 614 2715 iu
638 2651 887 2715 Normanniam
910 2658 964 2716 est
980 2671 1149 2716 reversus.
1200 2647 1401 2735 *Progredi-

451 2770 581 2833 ensque
596 2750 676 2814 iude
693 2752 729 2813 in
745 2769 874 2832 pagum
893 2751 1139 2816 Belvacensem
1153 2752 1254 2816 villas
1272 2753 1400 2818 multas

449 2850 650 2925 combussit,
673 2851 922 2933 castellumque
942 2851 1208 2915 munitissimum
1228 2847 1240 2884 ⁵
1247 2851 1400 2917 Guerbe·

450 2968 512 3032 ray
541 2949 726 3024 destruxit,
753 2957 900 3032 excepta
929 2950 1077 3031 quadam
1099 2951 1274 3029 firmitate,
1294 2971 1398 3034 quam

450 3069 493 3112 ne
507 3058 671 3131 caperent
685 3048 839 3113 homines
862 3051 966 3130 regis,
982 3051 1071 3132 ignis
1097 3050 1272 3133 prohibuit
1292 3059 1399 3134 atque

449 3147 573 3211 fumus.
605 3148 723 3213 Simon
734 3168 849 3213 comes
859 3148 1078 3213 Ebroicensis
1089 3149 1231 3215 tradidit
1242 3150 1397 3215 Heurico

450 3248 524 3328 regi
550 3246 689 3330 Angliee
722 3249 903 3312 firmitates
936 3267 1030 3325 suae,
1062 3267 1149 3332 quas
1183 3250 1332 3314 habebat
1361 3251 1397 3316 in

452 3347 611 3423 Francia,
627 3348 788 3413 videlicet
811 3341 1119 3430 ⁶Rupem·sortem,
1148 3349 1397 3432 Esperlionem,

449 3453 485 3510 et
505 3447 712 3512 munitiones
735 3448 834 3524 alias,
856 3447 947 3530 quod
970 3466 1097 3529 magno
1112 3447 1315 3514 detrimento
1331 3448 1398 3513 fuit

448 3547 522 3628 regi
546 3547 771 3625 Francorum,
793 3546 944 3629 eoquod
968 3566 1037 3610 uon
1062 3548 1175 3630 potuit
1190 3548 1294 3613 libere
1316 3568 1397 3630 pro·

448 3646 568 3709 cedere
581 3646 624 3710 de
637 3637 811 3722 'Parisiis
821 3643 1032 3722 Aurelianis,
1046 3646 1101 3711 vel
1117 3646 1279 3730 Stampis,
1292 3666 1398 3730 prop-

342 3781 353 3793 ·
449 3753 501 3808 ter
527 3745 760 3822 Normannos,
789 3763 876 3826 quos
906 3752 1071 3827 posuerat
1100 3765 1163 3809 rex
1193 3745 1332 3828 Angliae
1360 3748 1397 3810 in

483 3942 490 3974 ¹
504 3945 511 3972 ‘
524 3945 681 3994 Octovianus
692 3942 705 4005 ς’
716 3947 776 3995 Cod.
787 3946 851 4008 Reg.
859 3945 909 3995 aud
936 3945 1012 4006 beroy
1022 3941 1037 4006 ς’
1045 3944 1092 3996 Ar.
1111 3946 1179 3994 Now
1186 3945 1327 4009 Gerberoy,
1337 3962 1399 3996 near

448 4009 515 4063 ΠΛ.
527 4015 690 4076 throughout.
839 4013 841 4016 ’
936 4015 1073 4064 Beauvais.

482 4080 493 4112 ²
509 4078 688 4145 ‘Cosmedins
700 4083 747 4133 Ar.
967 4081 978 4112 ⁶
994 4085 1033 4134 M.
1049 4085 1098 4134 and
1117 4083 1164 4134 Ar.
1183 4086 1234 4135 ndd
1250 4087 1257 4114 ‘
1271 4087 1397 4136 Montem-

483 4149 493 4180 ³
507 4153 516 4181 ‘
530 4153 629 4201 anarii
640 4149 654 4213 ;’
666 4153 727 4202 MS.
737 4154 801 4214 Res.
935 4151 1045 4203 fortem!

482 4220 492 4250 ⁴
508 4224 516 4251 ‘
530 4223 699 4284 Progrediens
709 4224 768 4272 iude
777 4217 792 4284 ς’
805 4217 873 4270 UA.
968 4220 978 4252 ⁷
994 4224 1039 4271 All
1049 4223 1091 4273 the
1104 4225 1179 4274 MSS.
1191 4224 1241 4273 aud
1251 4225 1320 4276 u’A.
1332 4226 1397 4276 have

483 4291 493 4322 ⁵
509 4293 677 4354 ‘Guerbersy
687 4289 702 4354 5¹
725 4294 764 4343 M.
804 4291 908 4343 ‘Gueu
932 4288 1088 4343 ‘Parisios'
