3180 5026
412 497 434 563 8
767 516 841 564 rue.
865 513 1012 564 ratvnrr

413 692 492 736 cum
514 672 642 736 ducatu
660 668 860 754 Aquitaniae
875 659 1115 735 ¹Alianordem
1128 657 1312 751 'acciperet
1329 667 1365 731 in

414 777 572 848 uxorem,
591 770 698 834 filiam
718 771 802 834 dicti
819 769 929 833 ducis.
982 767 1081 832 Insra
1100 786 1183 831 vero
1201 787 1364 844 mensem,

414 868 555 953 nuptias
566 877 780 952 sequentem,
793 870 938 934 moritur
952 887 1014 930 rex
1028 867 1241 930 Francorum
1250 867 1365 931 senior

416 969 623 1034 Lodovious.
676 969 745 1032 Per
763 969 854 1033 idem
876 975 1013 1049 tempus
1029 967 1065 1030 in
1086 964 1213 1030 Galliis
1227 985 1250 1029 a
1265 966 1364 1030 Mar·

415 1069 466 1133 tio
491 1067 662 1151 usquead
686 1068 922 1150 Septembrem
941 1065 1007 1130 fuit
1025 1065 1164 1130 siccitas
1187 1065 1366 1143 inaudita,

416 1168 531 1236 fontes
543 1186 692 1250 namque
705 1173 740 1232 et
755 1165 863 1249 putei,
876 1159 988 1233 ²fluvii
1003 1164 1108 1228 etiam
1123 1163 1368 1247 quamplurimi

416 1267 647 1331 siccabantur.

381 1408 387 1422 .
469 1365 657 1430 Lotharius
689 1362 928 1428 Romanorum
956 1362 1154 1445 imperator,
1182 1362 1368 1425 secundam

416 1464 454 1529 in
478 1457 632 1530 Italiam³
653 1461 899 1546 profectionem
921 1461 1062 1539 faciens,
1087 1460 1168 1526 dum
1185 1459 1313 1525 rediret
1330 1462 1366 1524 in

419 1564 568 1646 patriam
583 1581 682 1628 suam
705 1561 850 1626 subacta
864 1560 996 1643 Apulia
1018 1560 1193 1624 demedio
1212 1561 1370 1624 subtrac-

419 1671 477 1733 tus
499 1670 563 1728 est.
616 1661 682 1725 Cui
700 1660 867 1724 successit
887 1658 1069 1724 Comedus
1094 1659 1238 1725 Henrici
1260 1660 1368 1741 impe·

420 1761 546 1830 tatoris
564 1780 609 1824 ex
624 1778 741 1823 sorore
756 1778 875 1842 nepos·

472 1858 554 1923 Hoc
574 1877 666 1927 anno
688 1865 868 1939 coeperunt
892 1857 1030 1940 plurimi
1050 1876 1071 1921 a
1093 1877 1174 1939 rege
1194 1856 1371 1940 Stephano

421 1957 578 2034 deficere,
592 1976 738 2041 quorum
754 1958 958 2039 capitaneus
972 1963 1047 2020 erat
1063 1956 1239 2021 Robertus
1255 1976 1371 2020 comes

422 2056 634 2134 Gloverniae,
655 2056 885 2138 imperatricis
912 2074 1109 2138 germanus,
1137 2055 1296 2138 quamvis
1324 2075 1368 2120 ex

421 2155 602 2238 illegitimo
620 2163 697 2220 toro
719 2163 836 2219 natus.
889 2153 1054 2237 Dumque
1073 2174 1136 2218 rex
1155 2153 1189 2217 in
1207 2156 1365 2238 partibus

422 2255 633 2320 australibus
658 2261 780 2319 contra
805 2255 891 2318 istos
918 2252 1010 2318 bella
1037 2261 1183 2334 gereret,
1206 2273 1373 2337 cassoque

420 2354 540 2418 labore
570 2354 723 2430 sudaret,
755 2352 938 2418 Scotorum
964 2371 1026 2416 rex
1055 2353 1172 2416 David
1202 2373 1280 2416 cum
1302 2354 1374 2418 suis

423 2453 459 2520 N
461 2453 709 2519 orthumbriam
725 2450 966 2535 depopulando
983 2452 1131 2534 subegit.

687 2706 882 2742 ultomnnouun
896 2707 922 2743 R.
1025 2708 1179 2746 FRANOORUM
1218 2709 1356 2745 ANGLORUM

440 2789 589 2828 mcxxxvm.
620 2791 769 2828 mnocnnru
777 2792 808 2829 11.
834 2793 946 2829 conssul
954 2794 983 2831 11.
1015 2793 1133 2830 nououcl
1141 2795 1187 2832 v11.
1223 2793 1349 2831 STEPHANI

722 2882 729 2898 .
898 2854 921 2899 1.
998 2700 1002 2904 i
1089 2856 1112 2900 1.
1295 2886 1302 2901 .

472 3003 639 3074 Parnes*
655 3009 793 3088 Leonis,
811 3013 871 3095 qui
892 3032 954 3094 per
972 3011 1120 3077 schisma
1142 3011 1309 3096 papatum
1327 3015 1374 3078 in-

422 3115 562 3174 vaserat
596 3109 696 3171 anuis
732 3117 824 3187 octo,
863 3109 981 3175 divino
1016 3111 1149 3194 judicio
1190 3133 1373 3196 percussus

423 3201 565 3271 interiit.
617 3201 856 3273 ⁵Innocentius
877 3228 969 3293 papa
986 3210 1163 3274 ordinatos
1185 3213 1230 3276 ab
1254 3232 1295 3276 eo
1317 3214 1376 3278 de-

423 3306 597 3386 gradavit,
623 3313 671 3382 et,
705 3327 748 3371 ne
776 3307 870 3371 ultra
898 3309 941 3372 ad
965 3309 1103 3372 ordines
1131 3330 1373 3391 promoveren-

261 3409 490 3508 ssssfflih‘tur,
522 3404 683 3469 decrevit.
741 3406 849 3483 Scoti,
886 3426 986 3488 amne
1020 3407 1123 3490 Tyna
1158 3395 1375 3488 transmisso,

260 3508 345 3560 Aust·
424 3523 535 3587 usque
561 3504 604 3568 ad
628 3497 769 3568 ⁶Thesis
791 3505 934 3569 fluvium
957 3506 1224 3586 debacchantur,
1250 3517 1376 3592 putan-

424 3609 477 3666 tes
502 3623 540 3666 se
565 3603 600 3665 in
628 3602 725 3667 brevi
749 3603 933 3668 Deirorum
957 3604 1170 3688 provinciam
1193 3627 1270 3670 curn
1294 3609 1377 3672 civi-

461 3783 886 3849 ¹‘Alienoramuxoremduceret3'
911 3787 953 3836 the
975 3788 1030 3837 title
1054 3787 1083 3837 ol
1099 3787 1239 3840 Anacletus
1256 3792 1295 3842 11.
1331 3793 1374 3841 He

425 3853 472 3906 Ar.
912 3871 966 3906 was
978 3859 1212 3908 exeommunicsted
1219 3860 1303 3921 hythe
1315 3862 1375 3911 llth

462 3923 572 3972 “multi
583 3919 678 3984 fluviis
696 3923 743 3974 Ar.
912 3927 1012 3975 oouncil
1033 3928 1063 3976 of
1082 3927 1196 3991 Rheims,
1218 3929 1278 3979 held
1301 3934 1374 3981 11⁸1.

461 3991 685 4054 ³⁰expeditionem
701 4007 774 4042 suam
791 3993 818 4041 in
837 3995 889 4043 Ita·
913 3997 963 4044 For
973 3995 1016 4045 the
1030 4011 1117 4046 means
1132 3998 1167 4059 by
1177 3997 1262 4047 which
1282 3999 1314 4048 he
1330 4002 1373 4050 ob·

425 4063 486 4112 liam
506 4064 555 4111 iter
571 4059 691 4124 faciens?
709 4061 757 4112 Ar.
793 4064 888 4126 ‘expe
913 4065 1377 4132 tainedthepontilicate,seeRadulph

426 4132 547 4180 ditionem
556 4126 572 4193 ;'
589 4132 629 4182 M.
914 4134 943 4182 ot*
951 4135 1052 4197 Diceto,
1063 4137 1097 4185 X.
1109 4136 1202 4197 Script.
1214 4141 1324 4188 501163.

460 4198 472 4230 ⁴
484 4201 570 4262 Peter,
580 4201 622 4250 the
631 4214 677 4250 son
685 4201 713 4249 of
723 4201 783 4263 Leo,
791 4215 808 4250 a
820 4218 890 4263 pow·
952 4201 1094 4254 ⁶Innocent
1103 4204 1141 4255 11.
1154 4209 1305 4257 uso-114³.

426 4269 492 4319 erful
504 4271 610 4334 Roman,
626 4273 755 4334 antipope,
771 4271 888 4321 assumed
950 4269 1079 4324 “Tesam
1088 4267 1103 4335 ς’
1121 4275 1160 4324 Μ.
1172 4279 1197 4323 et
1208 4273 1256 4326 Ar.
