3220 4990
628 527 811 575 annuens:
1126 513 1192 576 245

236 696 290 753 tes
316 695 352 752 et
380 687 526 751 barones
555 684 707 766 Angline,
730 685 995 750 assentientibus
1025 683 1191 768 praelatis,

236 786 432 851 denuntiari
465 785 621 850 iecerunt
648 805 709 868 per
738 786 893 867 singulos
925 785 1124 861 comitatus,
1153 793 1191 848 nt

237 887 367 952 chartae
400 886 443 949 de
473 885 690 950 libertatibus
723 891 758 949 et
790 886 920 950 foresta
946 883 1192 950 inviolabiliter

237 988 524 1052 observarentur:
555 986 763 1069 adquorum
789 987 1003 1063 instantiam,
1021 984 1189 1066 archiepi-

236 1107 363 1170 scopus
380 1086 588 1151 Bonefacins
604 1086 809 1150 sententiam
827 1083 1190 1150 excommunicationis

238 1187 318 1251 tulit
340 1187 376 1250 in
395 1205 514 1250 omnes
536 1205 653 1252 earum
674 1193 884 1268 spontaneos
905 1193 1188 1268 transgressores.

240 1286 444 1362 hausimus,
473 1287 632 1369 princeps
657 1285 809 1361 Walliae,
833 1285 980 1350 collecta
1003 1303 1108 1349 manu
1131 1303 1190 1348 va-
1203 1305 1353 1348 naturam·

237 1387 319 1462 lida,
335 1386 478 1451 intravit
492 1387 692 1450 comitatum
709 1383 866 1462 Cestriae,
883 1404 985 1467 quern
1005 1405 1066 1449 rex
1082 1359 1210 1467 nuper¹

1211 1369 1225 1399 n
1235 1357 1311 1398 waler.

238 1486 411 1551 Eduardo
448 1486 519 1550 lilio
555 1504 619 1550 suo
652 1485 856 1558 contulerat,
886 1492 922 1550 et
953 1485 1068 1549 omnia
1096 1483 1190 1548 caede

238 1594 344 1668 atque
374 1586 533 1650 incendio
561 1583 740 1668 usquead
770 1593 890 1667 portas
922 1585 1016 1649 urbis
1044 1583 1189 1649 Gestriae

225 1686 445 1751 'devastavit
511 1683 567 1750 Ad
598 1684 698 1768 cujus
729 1685 981 1767 reprimendum
1012 1685 1190 1768 impetum,

238 1785 336 1849 miles
351 1793 513 1850 strenuus
533 1792 569 1849 et
584 1785 737 1849 famosus
758 1783 872 1848 dictus
893 1783 1090 1867 Stephanus
1111 1803 1190 1866 cog-

240 1895 402 1951 nomento
431 1878 603 1958 ¹Baucan‚
626 1903 703 1949 curn
727 1884 882 1948 exercitu
908 1902 931 1949 a
952 1903 1034 1967 rege
1053 1884 1190 1962 missus,

238 2005 316 2050 cnm
333 1987 498 2050 intrasset
515 1993 643 2050 terram
660 1983 841 2066 cujusdam
859 1983 1047 2048 Wallensis
1064 1983 1189 2048 nobilis

239 2086 377 2151 nomine
393 2085 491 2162 Resi,
514 2091 742 2167 cognomento
759 2083 923 2161 Vaubnn,
943 2084 978 2148 id
1000 2092 1054 2149 est
1071 2084 1190 2162 Parvi,

239 2185 459 2250 multitudiue
476 2184 627 2250 bostium
647 2185 682 2247 in
705 2183 790 2248 locis
812 2181 1023 2267 palustribus
1045 2184 1190 2250 circum-

238 2291 363 2350 ventus
385 2286 531 2350 sabbato
552 2287 588 2349 in
611 2282 826 2348 bebdomada
849 2281 1074 2348 Pentecostes
1100 2285 1190 2349 occi·

238 2385 341 2450 ditur.
394 2385 535 2468 Reliqui
549 2392 665 2450 antem
687 2383 730 2446 de
752 2382 828 2467 ejus
850 2383 1006 2447 exercitu
1024 2383 1080 2447 vel
1102 2403 1191 2466 prae-

239 2485 356 2551 liando
377 2505 455 2550 cum
478 2485 565 2550 duco
587 2503 651 2548 sno
673 2482 811 2558 cadunt,
831 2482 885 2546 vel
907 2483 978 2546 vivi
1001 2483 1094 2565 capti
1116 2483 1191 2548 vin·

238 2586 325 2650 culis
341 2586 593 2668 mancipantur,
608 2581 763 2665 exceptis
780 2583 900 2665 paucis
918 2583 977 2666 qni
995 2582 1192 2666 perfugam

238 2685 385 2751 evadere
423 2691 621 2768 potuerunt.
688 2683 769 2747 Hoc
806 2701 898 2747 anno
934 2702 1021 2766 puer
1053 2683 1192 2766 quidam

241 2785 471 2862 Christianus,
494 2785 631 2850 nomine
657 2783 778 2866 Hngo,
801 2801 823 2848 a
844 2781 979 2848 Judaeis
1002 2782 1192 2848 Lincolniae

240 2894 363 2970 captus
378 2893 443 2963 est,
460 2892 497 2949 et
515 2886 551 2948 in
572 2885 816 2968 improperium
833 2881 1023 2949 Christiani
1044 2884 1192 2948 nominis

238 2986 422 3051 crudeliter
434 2985 629 3051 crucifixus.

292 3487 527 3554 Ansxnnnnn
556 3507 648 3571 papa
678 3487 880 3569 magistrum
909 3482 1121 3548 Willelmum
1150 3481 1337 3549 densam..

242 3586 530 3663 Sancto-Amore,
546 3586 748 3651 canonicum
763 3585 1011 3651 Belvacensem
1024 3601 1193 3669 suumque
1204 3558 1299 3648 biblia
1308 3607 1333 3647 or

241 3688 470 3771 capellanum,
496 3694 638 3771 propter
656 3685 928 3771 persecutionem
951 3683 1081 3768 injuste
1102 3659 1316 3749 com-mm

242 3796 371 3853 motam
402 3795 524 3852 contra
556 3787 735 3870 religiosos
768 3784 1020 3862 Mendicantes,
1047 3791 1081 3848 et
1107 3803 1195 3867 prse-

241 3889 341 3972 cipue
365 3887 630 3966 Praedicatorcs,
647 3885 817 3969 Anagniae
838 3883 1100 3964 condemnavit3
1126 3885 1194 3968 pri·

241 4008 329 4055 vans
351 4009 428 4052 eum
453 3988 646 4070 capellania
672 4007 749 4066 sua,
776 3996 812 4053 et
832 3984 926 4051 omni
950 3984 1115 4050 beneficio
1140 4004 1195 4049 eo·

241 4088 436 4154 clesiastico
466 4087 586 4152 babilo
619 4097 653 4152 et
684 4087 867 4152 habendo:
906 4085 1060 4150 libellum
1090 4085 1193 4150 etiam

488 4311 496 4344 ¹
513 4307 654 4373 ‘Batiam'
667 4313 706 4362 Μ.
717 4331 723 4362 :
741 4307 888 4375 ‘Bonosus
901 4313 949 4362 Ar.
