3170 5020
274 717 404 758 Parllnment

276 773 298 810 at
305 769 400 810 Lousios.

435 529 501 595 358
794 545 868 592 mc.
887 543 1034 590 rarvurr

437 700 513 786 ejus
546 705 650 766 eraut
673 701 844 766 restitutis
874 701 994 765 eidem.
1060 698 1195 763 Deinde
1222 702 1385 784 praecepit

437 802 669 882 magnatibus,
708 802 769 885 qui
805 807 888 866 tunc
925 801 1081 877 aderant,
1116 807 1157 864 ut
1186 799 1386 865 fidelitatem

437 902 591 967 filiosuo
622 901 786 978 facerent,
821 901 1004 984 ipsumque
1035 899 1133 981 regni
1164 899 1322 964 heredem
1353 909 1388 964 et

438 1021 539 1066 suum
567 1002 723 1067 futurum
753 1007 1038 1084 recognoscerent
1068 1000 1255 1065 dominum.
1309 1001 1387 1066 Rex

440 1121 521 1167 vero
551 1102 593 1166 de
626 1101 878 1178 exactionibus,
908 1102 945 1164 in
973 1120 1081 1182 reguo
1113 1099 1215 1164 factis
1240 1120 1302 1183 per
1328 1121 1387 1165 ne-

439 1203 618 1267 cessitates
641 1202 853 1267 diversarum
876 1219 1090 1283 guerrarum,
1115 1219 1153 1263 se
1175 1220 1258 1282 erga
1280 1220 1389 1283 popu-

439 1302 511 1366 lum
530 1301 722 1368 excusavit
769 1301 921 1366 Comites
944 1299 1143 1366 Marescalli
1163 1306 1199 1364 et
1222 1299 1390 1365 Herford·

440 1402 532 1466 ensis
562 1422 600 1466 se
633 1401 885 1479 subtrahentes,
919 1421 996 1465 cum
1023 1406 1228 1465 vocarentur
1252 1407 1293 1464 ut
1325 1421 1388 1466 sua

439 1500 553 1566 officia
577 1502 787 1566 transeundo
819 1502 874 1588 ὶιιχ
889 1500 1087 1565 Flandriam
1110 1507 1322 1578 exercerent,
1352 1520 1389 1565 se

441 1595 558 1685 ¹super
586 1601 651 1666 hoc
681 1623 743 1686 per
771 1601 911 1666 nuntios
942 1601 1168 1666 excusabant.
1231 1601 1390 1683 Denique

339 1725 345 1752 1
441 1721 504 1766 rex
537 1702 625 1784 ipse,
656 1701 776 1766 struere
820 1701 937 1766 fratris
967 1701 1021 1764 sui
1060 1699 1266 1778 Eadmundi,
1300 1720 1390 1765 anno

283 3116 329 3156 The
336 3114 390 3162 king

281 3175 380 3216 preparet
389 3174 415 3204 aa

282 3227 310 3256 ex
325 3214 405 3254 edition

282 3270 305 3306 to
334 3265 425 3306 lunden.

442 1801 610 1884 praedicto
629 1802 664 1864 iu
688 1802 866 1866 Vasconia
886 1799 1051 1878 defuncti,
1072 1793 1277 1865 ²honorifice
1298 1801 1390 1883 apud

442 1900 790 1966 westmonasterium
819 1901 968 1983 sepulto,
999 1917 1109 1983 usque
1140 1900 1183 1963 ad
1216 1900 1251 1964 S.
1284 1898 1391 1964 Alba·

442 2019 525 2064 uum
552 2001 801 2084 proficiscitur;
831 2002 891 2065 ubi
922 2001 964 2065 de
995 2000 1219 2064 discretorum
1248 2000 1391 2065 consilio

444 2099 633 2164 Radulfum
658 2101 700 2165 de
729 2094 982 2165 ³Meiuhermer
1006 2100 1161 2177 militem,
1189 2119 1291 2182 quem
1322 2101 1392 2165 lilia

442 2219 508 2264 sua
534 2199 557 2264 J
560 2219 673 2265 canna
694 2201 872 2266 comitissa
893 2199 1092 2265 Gloverniae
1112 2200 1203 2264 clam
1229 2201 1391 2264 maritum

443 2307 625 2383 acceperat
648 2301 685 2364 in
709 2320 852 2383 gravem
876 2300 985 2383 patris
1007 2299 1183 2377 offensam,
1211 2300 1253 2364 de
1275 2307 1391 2364 castro

444 2387 633 2466 Bristolliae
662 2401 761 2465 educi
786 2401 879 2478 fecit,
902 2408 938 2463 et
969 2400 1169 2464 uxorisne
1195 2400 1314 2480 reddi;
1340 2421 1392 2464 re-

443 2501 591 2564 stituens
618 2520 737 2565 omnes
761 2507 872 2565 terras
897 2500 942 2563 ad
970 2500 1172 2564 comitatum
1195 2498 1391 2565 Gloverniae

444 2600 666 2682 pertinentes
694 2601 940 2682 servitiumque
963 2598 1217 2682 quinquaginta
1244 2600 1391 2664 militum

442 2700 480 2764 in
498 2699 694 2764 Flandriam
716 2702 896 2782 imponens
919 2700 1040 2763 eidem.
1093 2698 1271 2764 Liberavit
1288 2701 1393 2764 etiam

444 2798 487 2862 de
512 2818 650 2863 carcere
675 2799 818 2864 comites
839 2800 882 2863 de
895 2791 1057 2863 *moeres
1077 2806 1113 2863 et
1137 2799 1180 2863 de
1203 2799 1394 2877 Meneteth,

444 2913 486 2960 ac
512 2897 538 2960 J
541 2917 685 2963 oannem
711 2897 845 2976 Comln,
865 2918 944 2963 cum
963 2897 1167 2981 quibusdam
1191 2899 1269 2964 aliis
1291 2901 1396 2967 comi-

445 2996 538 3060 tibus
561 2997 604 3061 de
631 2996 761 3075 Scotia,
783 2998 844 3080 qni
865 2999 901 3062 iu
927 3006 1041 3063 castro
1066 2998 1108 3062 de
1130 2999 1278 3064 Dunbar
1301 3001 1394 3082 capti

444 3095 594 3173 fuerant,
613 3104 652 3162 ut
673 3116 790 3162 secum
813 3099 849 3162 in
875 3097 1040 3162 Flandria
1062 3098 1261 3164 militarent.
1313 3099 1394 3164 Col-

444 3195 535 3261 lecto
565 3197 712 3280 denique
742 3199 910 3276 exercitu,
941 3199 1077 3281 qualem
1110 3197 1237 3263 habere
1268 3201 1393 3283 potuit,

444 3295 580 3362 Thema
607 3297 649 3361 de
675 3296 857 3362 Berkeleia
886 3297 1143 3364 constabulario
1172 3306 1208 3363 et
1236 3299 1393 3364 Galfrido

442 3397 487 3460 de
516 3391 702 3462 ⁵Genevile
728 3397 931 3462 marescallo
953 3398 1064 3474 factis,
1092 3417 1212 3462 versus
1242 3401 1394 3464 marein

446 3495 647 3560 Flaudriam
669 3498 886 3580 profecturus
907 3499 974 3562 iter
995 3515 1096 3562 sumn
1117 3498 1259 3582 dirigit;
1288 3507 1393 3583 atque

438 3596 546 3680 juxta
573 3596 861 3662 Wiucheleseiam
889 3597 947 3661 ubi
970 3605 1108 3680 portum
1137 3599 1290 3680 elegerat
1311 3619 1393 3664 con·

442 3695 544 3769 sedit,
568 3696 694 3761 milites
715 3697 876 3780 virosque
900 3697 1085 3762 bellatores
1108 3697 1150 3762 de
1166 3700 1324 3780 partibus
1342 3700 1393 3763 di·

442 3796 552 3860 versis
572 3796 671 3860 adse
694 3796 906 3862 confluentes
927 3817 989 3881 per
1007 3798 1081 3862 dies
1101 3798 1235 3880 aliquot
1250 3818 1392 3882 exspec-

443 3895 560 3960 tanda.
622 3895 717 3960 Dum
744 3916 826 3962 vero
849 3898 898 3961 ibi
924 3905 1129 3975 moraretur,
1159 3899 1310 3981 quadam
1337 3899 1392 3963 die

441 4003 580 4077 portum
598 3996 693 4060 adire
706 3996 888 4080 disposuit,
905 3997 1185 4062 consideraturus
1202 3997 1392 4081 navigium,

478 4200 484 4229 ¹
502 4201 670 4262 ‘suppliciter
678 4198 697 4264 ;'
709 4198 777 4252 D'A.
913 4259 914 4262 Ἴ
965 4204 976 4237 ⁴
992 4207 1009 4256 i.
1018 4220 1042 4256 e.
1059 4205 1148 4256 Atbol.

476 4263 486 4292 ²
501 4269 564 4320 This
573 4272 645 4321 word
654 4273 677 4320 is
684 4272 788 4322 omitted
799 4275 825 4322 in
834 4271 904 4326 D’A.
964 4274 975 4304 ⁸
991 4271 1153 4336 ‘Juneville3'
1162 4277 1214 4326 M.:
1225 4273 1392 4338 ‘lunarium'

476 4335 487 4368 ³
502 4341 546 4389 or‘
554 4339 766 4404 Mouuthermer3’
777 4344 847 4395 Hatt.
928 4346 991 4396 Aa:
1009 4346 1146 4395 ‘Jeuivilla
1154 4345 1174 4407 ;'
1186 4345 1234 4402 Ar,
1246 4351 1303 4397 220.
