3170 5020
575 466 758 516 eunucus.
1084 451 1150 516 ³67

200 625 443 690 confoederatis
458 619 629 689 dimittat’
681 622 830 688 Articuli
846 622 973 708 adjecti
987 623 1030 688 ad
1047 624 1221 732 Mag·mrticl
1162 639 1249 730 ιιιιιιξ
1250 639 1286 730 ¹2⁸¹

201 744 280 789 nam
305 725 469 790 Chartam
492 731 574 788 sunt
595 724 674 788 isti:
702 723 865 788 ‘Nullum
891 724 1072 808 tallagium
1095 691 1221 790 velmeiel
1162 693 1289 832 mlum

201 824 370 891 auxilium
393 844 455 908 per
475 843 538 888 nos
562 824 618 888 vel
642 824 785 890 heredes
810 831 947 890 nostros
969 823 1013 890 de
1034 832 1150 890 cetero

201 925 238 988 in
271 944 378 1006 regno
407 931 525 988 nostro
552 924 752 1006 imponatur
781 917 873 1007 ¹[seu
897 923 1049 1006 levetur]
1077 925 1151 990 sine

202 1024 382 1089 voluntate
399 1030 435 1088 et
450 1042 592 1088 assensu
610 1023 781 1088 communi
803 1022 1151 1106 archiepiscoporum,

201 1125 453 1206 episcoporum,
480 1131 516 1187 et
540 1124 685 1188 aliorum
718 1123 952 1207 praelatorum,
976 1123 1151 1201 comitum,

201 1226 380 1300 baronum,
401 1223 560 1300 militum,
582 1223 817 1305 burgensium,
840 1232 876 1287 et
900 1223 1046 1288 aliorum
1065 1224 1151 1288 libe-

203 1343 318 1388 rorum
349 1322 535 1388 homiuum.
598 1322 727 1388 Nullus
761 1323 917 1387 minister
941 1329 1071 1399 noster,
1096 1322 1152 1388 vel

203 1423 365 1487 heredum
382 1430 590 1499 nostrorum,
600 1423 637 1486 in
652 1442 760 1505 regno
773 1428 894 1486 nostro
908 1423 1023 1504 capiat
1038 1421 1151 1499 blada,

203 1522 314 1599 lanas,
337 1523 443 1600 coria,
466 1529 527 1586 aut
550 1522 666 1605 aliqua
689 1523 760 1586 alia
787 1523 880 1586 bona
902 1523 1150 1606 cujuscunque,

204 1622 279 1686 sino
307 1622 487 1686 voluntate
519 1630 555 1686 et
585 1640 728 1687 assensu
761 1621 854 1686 illius
881 1621 982 1705 cujus
1013 1621 1151 1686 fuerint.

206 1721 304 1786 Nihil
329 1722 487 1804 capiatur
516 1721 559 1786 ds
590 1729 705 1788 cetero
737 1721 874 1786 nomine
902 1721 1084 1802 vectigalis
1109 1721 1152 1786 de

203 1840 305 1886 sacco
320 1821 420 1886 lanae.

255 1921 455 1985 ‘Volumus
476 1921 581 1985 etiam
606 1927 643 1985 et
667 1920 886 1987 concedimus
908 1940 970 2003 pro
992 1921 1091 1985 nobis
1117 1927 1152 1986 et

203 2020 387 2086 heredibus
418 2021 555 2098 nostris,
584 2019 676 2103 quod
707 2039 826 2085 omnes
850 2013 984 2085 ²clerici
1008 2027 1045 2084 ct
1071 2020 1151 2086 laici

204 2120 247 2184 de
277 2138 385 2202 regno
416 2127 535 2184 nostro
564 2118 717 2185 babeant
753 2139 872 2186 omnes
909 2118 1017 2200 leges,
1049 2119 1151 2183 liber„

205 2226 308 2296 tates,
336 2226 372 2284 et
391 2218 516 2284 liberas
542 2218 820 2296 consuetudines,
842 2219 893 2282 ita
914 2217 1021 2282 libere
1042 2225 1078 2284 et
1101 2219 1152 2283 in'·

205 2327 314 2400 tegre,
346 2319 436 2384 sicut
463 2337 523 2383 cas
561 2317 679 2400 aliquo
717 2325 872 2400 tempore
901 2325 1153 2383 consueverunt

205 2418 327 2482 melius
365 2417 568 2500 pleniusque
604 2417 751 2497 babero;
791 2424 827 2482 et
854 2416 884 2480 si
913 2424 1034 2482 contra
1062 2417 1151 2495 illas,
1257 2459 1260 2464 ,

205 2518 261 2582 vel
290 2536 528 2600 quemcunque
558 2516 741 2581 articulum
772 2517 809 2580 in
841 2517 1004 2598 praesenti
1032 2516 1154 2582 charta

207 2625 420 2694 contentum,
456 2623 590 2681 statuta
621 2616 749 2681 fuerint
781 2615 876 2681 edita
916 2635 979 2698 per
1002 2635 1067 2680 nos
1098 2617 1154 2681 vel

205 2724 440 2783 antecessores
473 2723 621 2794 nostros,
657 2714 713 2780 vel
752 2716 1015 2783 consuetudines
1045 2715 1153 2781 intro·
1230 2720 1233 2726 '

206 2818 331 2894 ductae,
354 2816 513 2882 volumus
535 2822 571 2881 et
597 2815 816 2882 concedimus
838 2816 930 2898 quod
957 2815 1153 2898 hujusmodi

206 2923 341 2982 statuta
362 2935 472 2981 vacua
494 2916 565 2980 sint
588 2922 624 2979 et
643 2916 741 2982 nulla
762 2917 799 2982 in
817 2899 1031 2999 perpetuum.

257 3015 489 3081 ‘Remisimus
513 3016 618 3080 etiam
645 3015 805 3082 Umfrido
830 3015 872 3082 de
894 3016 1007 3094 Boun,
1034 3017 1151 3082 comiti

209 3115 405 3182 Herfordiae
438 3123 473 3180 et
508 3115 676 3193 Esscxiae,
710 3116 967 3180 constabulario
1000 3114 1151 3198 Angliae,

208 3216 349 3298 Rogcro
387 3216 505 3297 Bigot,
538 3215 656 3282 comiti
691 3213 915 3291 Norlolchioe,
948 3215 1151 3280 manescallo
1231 3280 1235 3287 ,

207 3313 358 3398 Angliae,
382 3323 417 3379 et
436 3315 514 3380 aliis
537 3314 730 3392 comitibus
755 3315 954 3391 baronibus,
975 3314 1154 3392 militibus,

208 3415 400 3496 armigeris,
418 3414 444 3477 J
446 3415 548 3480 oanni
570 3414 613 3479 dc
635 3414 814 3492 Ferrariis,
835 3432 876 3479 ac
899 3414 1057 3480 omnibus
1078 3415 1155 3478 aliis

207 3515 392 3580 decorum
421 3515 600 3593 societate,
621 3514 922 3591 consoederatione,
950 3519 986 3577 et
1012 3533 1154 3578 concor·

206 3615 264 3679 dia
297 3615 536 3692 existentibus,
566 3633 629 3680 nec
666 3633 734 3680 non
766 3613 923 3680 omnibus
955 3613 1080 3694 viginti
1112 3613 1154 3677 li-

206 3715 325 3780 bratus
341 3721 511 3778 terrarum
528 3714 725 3778 tenentibus
742 3714 778 3777 in
802 3732 909 3796 regno
932 3719 1063 3790 nostro,
1081 3713 1155 3777 sive

205 3815 250 3878 de
272 3815 384 3891 nobis,
406 3815 480 3880 sive
502 3814 546 3879 de
567 3813 636 3877 alio
652 3833 870 3897 quocunque,
892 3812 1074 3895 incapite,
1096 3813 1156 3895 qui

206 3915 251 3978 cd
271 3913 561 3980 transfretandum
584 3914 762 3979 nobiscum
781 3915 817 3977 in
838 3911 1038 3978 Flandriam
1061 3920 1156 3981 corto

207 4014 263 4078 dio
293 4013 470 4078 nominato
498 4014 614 4078 vocati
642 4013 781 4078 fuerunt
811 4019 847 4078 et
881 4032 950 4076 non
977 4019 1156 4093 venerunt,

244 4187 253 4219 ¹
269 4190 351 4239 These
368 4190 453 4240 words
475 4203 518 4238 are
537 4188 600 4240 from
611 4187 670 4253 Aa,
730 4183 741 4216 ²
758 4187 768 4214 ‘
776 4190 862 4240 clerici
873 4196 899 4240 st
912 4185 984 4240 laici’
995 4205 1039 4240 are
1053 4190 1157 4242 omitted

206 4259 531 4323 mmmwm.
693 4259 770 4308 nm
