3226 5020
270 778 347 818 Affalm
356 779 381 818 ct

270 829 363 879 maon.

428 490 495 555 304
790 505 863 554 ruo.
881 505 1028 553 amvnvi

427 663 534 747 juxta
556 663 766 744 Bangoriam
788 663 969 728 constituit
991 669 1130 746 pontem
1156 661 1230 726 fieri
1250 682 1295 727 ex
1319 683 1381 727 na·

431 763 533 827 vibus
562 763 710 832 invicem
740 756 946 844 colligatis.¹
1017 755 1103 826 ΗοοΙ
1122 781 1213 826 anno
1241 762 1382 841 Petrus,

431 883 494 926 rex
525 862 726 944 diagonioe,
749 881 892 945 regnum
915 862 1041 926 Siciliae
1063 863 1184 926 uxoris
1206 881 1279 926 suae
1300 863 1381 947 jure
1423 937 1427 942 ,
1469 946 1473 952 ¹

431 962 638 1027 hereditario
664 963 853 1039 vindicans,
882 962 997 1026 subito
1025 980 1103 1026 cum
1130 961 1272 1043 navigio
1295 962 1381 1027 Sici-

430 1061 512 1126 liam
540 1062 732 1144 ingressus
755 1060 920 1126 Carolum
940 1082 1056 1142 regem
1079 1081 1155 1126 cum
1179 1062 1251 1125 suis
1273 1082 1380 1144 expu-

430 1161 472 1225 lit
496 1162 539 1226 de
565 1161 705 1240 eadem3
733 1161 851 1245 quiin
875 1161 1058 1226 Franciam
1080 1161 1230 1242 fugiens,
1254 1181 1275 1225 a
1297 1182 1378 1244 rege

431 1270 556 1344 nepote
577 1282 641 1326 suo
656 1282 719 1344 pro
735 1261 969 1344 recuperando
993 1281 1099 1342 regno
1117 1261 1306 1324 subsidium
1320 1262 1380 1324 im-

431 1360 592 1444 ploravit.
640 1361 740 1444 Papa
758 1360 931 1434 Martinus
950 1360 986 1424 in
1003 1360 1145 1424 Petrum
1163 1361 1379 1443 praedictum,

431 1468 466 1525 et
483 1480 602 1524 omnes
627 1462 658 1524 ei
682 1461 850 1538 faventes
867 1480 928 1524 seu
943 1480 1058 1542 regem
1075 1460 1303 1542 appellantes,
1318 1481 1380 1524 ex,-

431 1561 750 1625 oommunicatiouis
786 1560 867 1624 tulit
903 1560 1134 1638 sententiam3
1170 1559 1380 1642 privansque

348 1719 355 1731 ,
431 1680 510 1723 eum
530 1679 638 1742 regno
655 1659 857 1742 Aragoniac,
874 1659 1021 1725 contulit
1043 1659 1129 1722 illud
1151 1657 1287 1735 Garolo,
1307 1661 1377 1723 filio
1445 1675 1449 1682 ’

269 2670 315 2709 The
324 2669 396 2709 Welsh

269 2720 366 2759 defeated
375 2721 403 2769 by

268 2770 305 2809 the
314 2771 357 2810 esrl
366 2771 389 2809 ot

269 2820 399 2860 Gloueester.

431 1759 523 1840 regis
556 1760 782 1824 Francorum,
845 1758 972 1822 Petrus
1001 1778 1084 1824 vero
1115 1757 1157 1822 de
1188 1757 1378 1840 Aragonia,

431 1858 544 1922 missis
571 1858 615 1922 ad
636 1879 752 1940 regem
779 1857 906 1923 Siciliae
930 1859 1069 1935 nuntiis,
1093 1858 1217 1941 petivit
1239 1865 1278 1922 ut
1301 1879 1378 1923 cum

431 1956 663 2040 quadraginta
688 1966 823 2023 tantum
845 1958 1013 2022 militibus
1043 1959 1088 2022 ad
1115 1959 1220 2041 plana
1246 1959 1379 2023 Burde-

431 2057 534 2138 galae,
562 2077 678 2122 secum
706 2065 760 2122 tot
786 2065 920 2122 tantum
950 2057 1076 2122 milites
1107 2057 1256 2121 habente
1280 2056 1379 2123 dimi·

430 2167 584 2236 camme,
602 2159 733 2222 veniret
752 2158 796 2222 ad
813 2158 903 2222 diem
918 2165 1063 2235 certum,
1079 2157 1144 2221 sub
1160 2177 1267 2240 poena
1285 2167 1378 2223 certa

430 2277 468 2321 se
500 2255 543 2320 ad
576 2257 641 2323 hoo
685 2258 854 2340 obligans²
891 2256 971 2320 dnm
1003 2264 1119 2322 tamen
1164 2256 1310 2322 Carolus
1341 2278 1379 2322 se

429 2355 532 2421 modo
560 2357 664 2424 simili
692 2357 884 2440 obligaret3
908 2363 943 2420 et
972 2358 1028 2421 cui
1057 2357 1093 2420 in
1120 2355 1186 2420 hoo
1216 2358 1379 2422 conflictu

431 2459 592 2522 cessisset
614 2457 772 2534 victoria,
797 2457 856 2520 ille
878 2457 952 2519 sine
976 2456 1248 2522 contradictione
1272 2477 1379 2541 regno

432 2556 560 2621 Siciliae
578 2559 758 2640 potiretur.

482 2655 661 2720 Gilbertus
683 2676 797 2720 comes
821 2655 1032 2734 Gloverniae,
1051 2670 1196 2738 magnas
1217 2676 1296 2720 cum
1316 2659 1378 2720 mi-

432 2755 509 2818 litia
547 2775 611 2821 sua
646 2756 876 2822 Wallensium
913 2755 1050 2837 praedas
1092 2757 1233 2834 faciens,
1273 2757 1379 2841 juxta

435 2854 650 2938 Lantylavvir
690 2857 784 2919 facta
818 2857 917 2937 copia
953 2864 1083 2939 apertae
1124 2876 1262 2939 pugnae,
1300 2876 1378 2921 cum

430 2953 559 3018 eisdem
585 2954 670 3017 duro
697 2954 818 3037 praelio
849 2955 1050 3020 dimicavit:
1084 2949 1138 3018 ²in
1167 2975 1237 3038 quo
1259 2956 1378 3021 multis

430 3054 472 3116 de
495 3060 594 3135 parte
620 3054 848 3118 Wallensium
878 3055 1013 3132 occisis,
1040 3056 1115 3137 ipse
1138 3057 1290 3138 quinque
1316 3057 1378 3119 mi-

429 3153 509 3216 lites
536 3153 706 3236 perdidit3
740 3154 782 3217 de
813 3174 958 3236 quorum
981 3174 1123 3219 numero
1146 3163 1220 3219 erat
1243 3156 1379 3220 Willel-

429 3272 506 3316 mus
537 3254 580 3317 de
612 3253 787 3318 Valentiis
814 3254 945 3338 junior,
978 3256 1255 3337 consanguineus
1286 3255 1378 3336 regis

430 3352 635 3434 Anglorum.
689 3353 897 3418 Discedente
928 3361 1044 3418 autem
1075 3356 1200 3419 comite
1231 3354 1378 3419 Glover-

430 3453 509 3530 niae,
533 3453 693 3535 princeps
722 3453 861 3517 Walliae
891 3461 1018 3518 terram
1051 3454 1185 3518 intrans
1212 3454 1254 3518 de
1285 3453 1378 3519 Kar-

430 3550 535 3632 digan
559 3560 595 3616 et
619 3537 802 3631 Stradewi,
832 3554 1030 3618 devastavit
1053 3560 1163 3618 terras
1193 3554 1290 3632 Resi,
1318 3554 1380 3618 filii

431 3651 622 3729 Meredu'ci,
656 3653 715 3734 qui
742 3672 820 3716 cum
851 3673 935 3735 rege
961 3661 1083 3718 contra
1111 3655 1300 3737 principem
1327 3661 1378 3720 te·

501 3845 508 3877 ¹
525 3849 620 3902 ‘Botes
631 3850 663 3900 he
674 3850 734 3899 toke
745 3851 795 3900 end
806 3851 907 3914 berges,
918 3852 960 3900 tlte
972 3853 1041 3902 sides
1051 3853 1165 3915 togidere
1176 3854 1280 3915 knytte3

541 3919 611 3968 Over
618 3921 661 3968 the
672 3925 761 3978 water,
773 3921 828 3969 that
838 3923 908 3982 large
919 3922 951 3984 is,
961 3922 1000 3970 iro
1010 3922 1077 3971 bank
1089 3928 1116 3972 to
1127 3924 1195 3972 bank
1206 3924 1281 3972 rauht
1292 3925 1352 3975 itte:

539 3989 611 4048 They
622 3989 705 4038 deked
715 3990 782 4038 them
794 3991 944 4040 overthwert
950 3992 1047 4054 justely
1060 3993 1098 4041 ior
1108 3998 1134 4042 to
1144 3994 1229 4055 ligge;

541 4059 611 4108 Over
621 4058 665 4109 the
676 4064 757 4108 water
767 4065 868 4123 swerte,
879 4076 934 4110 was
946 4076 974 4111 so
985 4063 1113 4124 ordeyned
1124 4078 1141 4112 a
1152 4057 1257 4126 brigge?

861 4131 980 4194 Langtoft
991 4132 1085 4183 Chron.
1097 4148 1113 4182 a
1124 4134 1237 4197 Heme,
1248 4149 1274 4194 p.
1285 4137 1343 4188 241.

462 4225 561 4277 '‘lsta
573 4243 665 4288 guerre
679 4233 734 4278 erat
745 4229 825 4291 ferox,
840 4231 889 4280 ior·
914 4232 1072 4296 contigerat)
1110 4235 1215 4298 Knight
1233 4237 1267 4285 X.
1286 4236 1378 4296 script.

425 4299 468 4358 tis,
493 4303 519 4346 et
540 4299 659 4361 tediosa,
677 4314 735 4350 nam
756 4302 782 4350 in
801 4301 890 4362 hyeme
915 4308 989 4355 2464.
1003 4308 1043 4354 18.
