<?xml version="1.0" encoding="UTF-8"?>
<!DOCTYPE html PUBLIC "-//W3C//DTD XHTML 1.0 Transitional//EN"
    "http://www.w3.org/TR/xhtml1/DTD/xhtml1-transitional.dtd">
<html xmlns="http://www.w3.org/1999/xhtml" xml:lang="en" lang="en">
 <head>
  <title>
</title>
<meta http-equiv="Content-Type" content="text/html;charset=utf-8" />
  <meta name='ocr-system' content='tesseract 3.04.00' />
  <meta name='ocr-capabilities' content='ocr_page ocr_carea ocr_par ocr_line ocrx_word'/>
</head>
<body>
  <div class='ocr_page' id='page_1' title='image "./fnicholaitrivet00socigoog/fnicholaitrivet00socigoog_0128.png"; bbox 0 0 3204 5028; ppageno 0'>
   <div class='ocr_carea' id='block_1_1' title="bbox 443 497 1049 562">
    <p class='ocr_par' dir='ltr' id='par_1_1' title="bbox 443 497 1049 562">
     <span class='ocr_line' id='line_1_1' title="bbox 443 497 1049 562; baseline -0.007 0"><span class='ocrx_word' id='word_1_1' title='bbox 443 497 488 562; x_wconf 87' lang='grc'><strong>96</strong></span> <span class='ocrx_word' id='word_1_2' title='bbox 809 511 883 560; x_wconf 81' lang='lat' dir='ltr'><strong>luc.</strong></span> <span class='ocrx_word' id='word_1_3' title='bbox 902 513 1049 559; x_wconf 82' lang='lat' dir='ltr'><strong>rruvurr</strong></span> 
     </span>
    </p>
   </div>
   <div class='ocr_carea' id='block_1_2' title="bbox 277 672 1406 858">
    <p class='ocr_par' dir='ltr' id='par_1_2' title="bbox 277 672 1406 858">
     <span class='ocr_line' id='line_1_2' title="bbox 277 672 1404 756; baseline -0.004 -12"><span class='ocrx_word' id='word_1_4' title='bbox 277 703 372 753; x_wconf 56' lang='lat' dir='ltr'><strong>neuun.</strong></span> <span class='ocrx_word' id='word_1_5' title='bbox 442 696 512 742; x_wconf 86' lang='lat' dir='ltr'><strong>non</strong></span> <span class='ocrx_word' id='word_1_6' title='bbox 546 675 743 740; x_wconf 88' lang='lat' dir='ltr'><strong>flecteretur</strong></span> <span class='ocrx_word' id='word_1_7' title='bbox 775 673 945 756; x_wconf 79' lang='lat' dir='ltr'><strong>precibus,</strong></span> <span class='ocrx_word' id='word_1_8' title='bbox 980 673 1046 741; x_wconf 90' lang='lat' dir='ltr'><strong>hoc</strong></span> <span class='ocrx_word' id='word_1_9' title='bbox 1081 672 1272 756; x_wconf 89' lang='lat' dir='ltr'><strong>respoudit,</strong></span> <span class='ocrx_word' id='word_1_10' title='bbox 1311 673 1404 754; x_wconf 78' lang='lat' dir='ltr'><strong>Quia</strong></span> 
     </span>
     <span class='ocr_line' id='line_1_3' title="bbox 441 773 1406 858; baseline -0.002 -19"><span class='ocrx_word' id='word_1_11' title='bbox 441 776 512 839; x_wconf 84' lang='lat' dir='ltr'><strong>illae</strong></span> <span class='ocrx_word' id='word_1_12' title='bbox 530 775 673 839; x_wconf 86' lang='lat' dir='ltr'><strong>cortinae</strong></span> <span class='ocrx_word' id='word_1_13' title='bbox 691 774 783 837; x_wconf 83' lang='lat' dir='ltr'><strong>circa</strong></span> <span class='ocrx_word' id='word_1_14' title='bbox 797 774 923 838; x_wconf 91' lang='lat' dir='ltr'><strong>lectum</strong></span> <span class='ocrx_word' id='word_1_15' title='bbox 946 773 1066 838; x_wconf 82' lang='lat' dir='ltr'><strong>uxoris</strong></span> <span class='ocrx_word' id='word_1_16' title='bbox 1090 793 1175 850; x_wconf 86' lang='lat' dir='ltr'><strong>suec,</strong></span> <span class='ocrx_word' id='word_1_17' title='bbox 1196 793 1275 855; x_wconf 86' lang='lat' dir='ltr'><strong>quee</strong></span> <span class='ocrx_word' id='word_1_18' title='bbox 1295 794 1406 858; x_wconf 83' lang='lat' dir='ltr'>nuper</span> 
     </span>
    </p>
   </div>
   <div class='ocr_carea' id='block_1_3' title="bbox 438 872 1404 4139">
    <p class='ocr_par' dir='ltr' id='par_1_3' title="bbox 438 872 1404 4139">
     <span class='ocr_line' id='line_1_4' title="bbox 444 872 1404 957; baseline 0 -19"><span class='ocrx_word' id='word_1_19' title='bbox 444 875 553 938; x_wconf 90' lang='lat' dir='ltr'><strong>filium</strong></span> <span class='ocrx_word' id='word_1_20' title='bbox 578 881 772 957; x_wconf 82' lang='lat' dir='ltr'><strong>pepererat,</strong></span> <span class='ocrx_word' id='word_1_21' title='bbox 796 872 1038 949; x_wconf 80' lang='lat' dir='ltr'><strong>tendebantur,</strong></span> <span class='ocrx_word' id='word_1_22' title='bbox 1061 892 1124 936; x_wconf 93' lang='lat' dir='ltr'><strong>nec</strong></span> <span class='ocrx_word' id='word_1_23' title='bbox 1152 873 1232 937; x_wconf 90' lang='lat' dir='ltr'><strong>inde</strong></span> <span class='ocrx_word' id='word_1_24' title='bbox 1262 881 1404 956; x_wconf 87' lang='lat' dir='ltr'><strong>possent</strong></span> 
     </span>
     <span class='ocr_line' id='line_1_5' title="bbox 442 971 1402 1056; baseline -0.002 -17"><span class='ocrx_word' id='word_1_25' title='bbox 442 975 663 1056; x_wconf 80' lang='lat' dir='ltr'><strong>aliquatenus</strong></span> <span class='ocrx_word' id='word_1_26' title='bbox 681 973 843 1036; x_wconf 80' lang='lat' dir='ltr'><strong>amoveri.</strong></span> <span class='ocrx_word' id='word_1_27' title='bbox 894 973 1059 1037; x_wconf 78' lang='lat' dir='ltr'><strong>Transito</strong></span> <span class='ocrx_word' id='word_1_28' title='bbox 1076 973 1183 1053; x_wconf 85' lang='lat' dir='ltr'><strong>igitur</strong></span> <span class='ocrx_word' id='word_1_29' title='bbox 1199 971 1402 1050; x_wconf 84' lang='lat' dir='ltr'><strong>festivitate,</strong></span> 
     </span>
     <span class='ocr_line' id='line_1_6' title="bbox 441 1071 1398 1156; baseline -0.002 -18"><span class='ocrx_word' id='word_1_30' title='bbox 441 1083 543 1138; x_wconf 92' lang='lat' dir='ltr'><strong>nocte</strong></span> <span class='ocrx_word' id='word_1_31' title='bbox 565 1073 724 1156; x_wconf 83' lang='lat' dir='ltr'><strong>proxima</strong></span> <span class='ocrx_word' id='word_1_32' title='bbox 738 1073 841 1136; x_wconf 82' lang='lat' dir='ltr'><strong>beata</strong></span> <span class='ocrx_word' id='word_1_33' title='bbox 858 1071 970 1154; x_wconf 84' lang='lat' dir='ltr'><strong>Virgo</strong></span> <span class='ocrx_word' id='word_1_34' title='bbox 988 1073 1090 1136; x_wconf 86' lang='lat' dir='ltr'><strong>uxori</strong></span> <span class='ocrx_word' id='word_1_35' title='bbox 1106 1072 1199 1136; x_wconf 91' lang='lat' dir='ltr'><strong>illius</strong></span> <span class='ocrx_word' id='word_1_36' title='bbox 1217 1072 1398 1153; x_wconf 83' lang='lat' dir='ltr'><strong>burgensis</strong></span> 
     </span>
     <span class='ocr_line' id='line_1_7' title="bbox 442 1171 1402 1257; baseline -0.003 -19"><span class='ocrx_word' id='word_1_37' title='bbox 442 1171 692 1257; x_wconf 81' lang='lat' dir='ltr'><strong>eppa1·ens,sic</strong></span> <span class='ocrx_word' id='word_1_38' title='bbox 711 1191 787 1236; x_wconf 78' lang='lat' dir='ltr'><strong>eam</strong></span> <span class='ocrx_word' id='word_1_39' title='bbox 805 1172 1016 1254; x_wconf 82' lang='lat' dir='ltr'><strong>alloquitur:</strong></span> <span class='ocrx_word' id='word_1_40' title='bbox 1034 1171 1117 1235; x_wconf 89' lang='lat' dir='ltr'><strong>‘Vir</strong></span> <span class='ocrx_word' id='word_1_41' title='bbox 1128 1179 1208 1235; x_wconf 89' lang='lat' dir='ltr'><strong>tuus</strong></span> <span class='ocrx_word' id='word_1_42' title='bbox 1221 1179 1402 1254; x_wconf 84' lang='lat' dir='ltr'><strong>peccatum</strong></span> 
     </span>
     <span class='ocr_line' id='line_1_8' title="bbox 442 1271 1402 1356; baseline -0.002 -19"><span class='ocrx_word' id='word_1_43' title='bbox 442 1272 574 1356; x_wconf 83' lang='lat' dir='ltr'><strong>grande</strong></span> <span class='ocrx_word' id='word_1_44' title='bbox 604 1272 788 1349; x_wconf 86' lang='lat' dir='ltr'><strong>commisit,</strong></span> <span class='ocrx_word' id='word_1_45' title='bbox 819 1290 882 1336; x_wconf 90' lang='lat' dir='ltr'><strong>nec</strong></span> <span class='ocrx_word' id='word_1_46' title='bbox 910 1272 1098 1354; x_wconf 83' lang='lat' dir='ltr'><strong>impietatis</strong></span> <span class='ocrx_word' id='word_1_47' title='bbox 1127 1271 1203 1355; x_wconf 87' lang='lat' dir='ltr'><strong>ejus</strong></span> <span class='ocrx_word' id='word_1_48' title='bbox 1237 1290 1402 1335; x_wconf 87' lang='lat' dir='ltr'><strong>excessus</strong></span> 
     </span>
     <span class='ocr_line' id='line_1_9' title="bbox 442 1370 1403 1456; baseline -0.002 -20"><span class='ocrx_word' id='word_1_49' title='bbox 442 1373 591 1456; x_wconf 90' lang='lat' dir='ltr'><strong>relinqui</strong></span> <span class='ocrx_word' id='word_1_50' title='bbox 624 1372 753 1454; x_wconf 91' lang='lat' dir='ltr'><strong>poterit</strong></span> <span class='ocrx_word' id='word_1_51' title='bbox 785 1371 990 1454; x_wconf 90' lang='lat' dir='ltr'><strong>impunitus.</strong></span> <span class='ocrx_word' id='word_1_52' title='bbox 1040 1370 1162 1436; x_wconf 86' lang='lat' dir='ltr'><strong>Tertio</strong></span> <span class='ocrx_word' id='word_1_53' title='bbox 1193 1370 1312 1453; x_wconf 79' lang='lat' dir='ltr'><strong>itaque</strong></span> <span class='ocrx_word' id='word_1_54' title='bbox 1346 1371 1403 1435; x_wconf 91' lang='lat' dir='ltr'><strong>die</strong></span> 
     </span>
     <span class='ocr_line' id='line_1_10' title="bbox 441 1470 1401 1548; baseline -0.003 -12"><span class='ocrx_word' id='word_1_55' title='bbox 441 1474 608 1538; x_wconf 90' lang='lat' dir='ltr'><strong>morietur</strong></span> <span class='ocrx_word' id='word_1_56' title='bbox 624 1472 717 1536; x_wconf 88' lang='lat' dir='ltr'><strong>filius</strong></span> <span class='ocrx_word' id='word_1_57' title='bbox 737 1479 829 1548; x_wconf 90' lang='lat' dir='ltr'><strong>tuus,</strong></span> <span class='ocrx_word' id='word_1_58' title='bbox 852 1478 889 1535; x_wconf 92' lang='lat' dir='ltr'><strong>et</strong></span> <span class='ocrx_word' id='word_1_59' title='bbox 911 1471 964 1535; x_wconf 90' lang='lat' dir='ltr'><strong>vir</strong></span> <span class='ocrx_word' id='word_1_60' title='bbox 986 1478 1069 1534; x_wconf 88' lang='lat' dir='ltr'><strong>tuus</strong></span> <span class='ocrx_word' id='word_1_61' title='bbox 1090 1470 1145 1533; x_wconf 90' lang='lat' dir='ltr'><strong>die</strong></span> <span class='ocrx_word' id='word_1_62' title='bbox 1163 1478 1288 1535; x_wconf 78' lang='lat' dir='ltr'><strong>octavo</strong></span> <span class='ocrx_word' id='word_1_63' title='bbox 1304 1471 1401 1536; x_wconf 91' lang='lat' dir='ltr'><strong>debi-</strong></span> 
     </span>
     <span class='ocr_line' id='line_1_11' title="bbox 442 1565 1399 1654; baseline -0.003 -17"><span class='ocrx_word' id='word_1_64' title='bbox 442 1581 516 1638; x_wconf 90' lang='lat' dir='ltr'><strong>tum</strong></span> <span class='ocrx_word' id='word_1_65' title='bbox 538 1572 660 1636; x_wconf 87' lang='lat' dir='ltr'><strong>mortis</strong></span> <span class='ocrx_word' id='word_1_66' title='bbox 682 1570 807 1647; x_wconf 87' lang='lat' dir='ltr'><strong>solvet,</strong></span> <span class='ocrx_word' id='word_1_67' title='bbox 829 1589 951 1652; x_wconf 82' lang='lat' dir='ltr'><strong>poenas</strong></span> <span class='ocrx_word' id='word_1_68' title='bbox 968 1570 1077 1654; x_wconf 83' lang='lat' dir='ltr'><strong>juxta</strong></span> <span class='ocrx_word' id='word_1_69' title='bbox 1098 1570 1223 1634; x_wconf 85' lang='lat' dir='ltr'><strong>merite</strong></span> <span class='ocrx_word' id='word_1_70' title='bbox 1244 1565 1399 1652; x_wconf 86' lang='lat' dir='ltr'><strong>receptu-</strong></span> 
     </span>
     <span class='ocr_line' id='line_1_12' title="bbox 441 1668 1399 1752; baseline -0.004 -16"><span class='ocrx_word' id='word_1_71' title='bbox 441 1692 512 1736; x_wconf 89' lang='lat' dir='ltr'><strong>rus.</strong></span> <span class='ocrx_word' id='word_1_72' title='bbox 563 1671 618 1735; x_wconf 86' lang='lat' dir='ltr'><strong>Tu</strong></span> <span class='ocrx_word' id='word_1_73' title='bbox 642 1677 759 1735; x_wconf 85' lang='lat' dir='ltr'><strong>eutem</strong></span> <span class='ocrx_word' id='word_1_74' title='bbox 783 1669 999 1752; x_wconf 88' lang='lat' dir='ltr'><strong>proficiscere</strong></span> <span class='ocrx_word' id='word_1_75' title='bbox 1020 1670 1064 1734; x_wconf 84' lang='lat' dir='ltr'><strong>ed</strong></span> <span class='ocrx_word' id='word_1_76' title='bbox 1084 1668 1264 1734; x_wconf 82' lang='lat' dir='ltr'><strong>ecclesiam</strong></span> <span class='ocrx_word' id='word_1_77' title='bbox 1288 1689 1399 1734; x_wconf 84' lang='lat' dir='ltr'><strong>meam</strong></span> 
     </span>
     <span class='ocr_line' id='line_1_13' title="bbox 442 1769 1400 1851; baseline -0.002 -16"><span class='ocrx_word' id='word_1_78' title='bbox 442 1771 478 1836; x_wconf 93' lang='lat' dir='ltr'><strong>in</strong></span> <span class='ocrx_word' id='word_1_79' title='bbox 505 1769 696 1847; x_wconf 87' lang='lat' dir='ltr'><strong>Bethleem,</strong></span> <span class='ocrx_word' id='word_1_80' title='bbox 714 1776 749 1834; x_wconf 90' lang='lat' dir='ltr'><strong>et</strong></span> <span class='ocrx_word' id='word_1_81' title='bbox 770 1770 967 1851; x_wconf 86' lang='lat' dir='ltr'><strong>conspectis</strong></span> <span class='ocrx_word' id='word_1_82' title='bbox 991 1770 1038 1833; x_wconf 90' lang='lat' dir='ltr'><strong>ibi</strong></span> <span class='ocrx_word' id='word_1_83' title='bbox 1059 1770 1169 1834; x_wconf 85' lang='lat' dir='ltr'><strong>tribus</strong></span> <span class='ocrx_word' id='word_1_84' title='bbox 1196 1769 1400 1851; x_wconf 88' lang='lat' dir='ltr'><strong>sepulchris,</strong></span> 
     </span>
     <span class='ocr_line' id='line_1_14' title="bbox 443 1868 1400 1950; baseline -0.001 -16"><span class='ocrx_word' id='word_1_85' title='bbox 443 1871 506 1934; x_wconf 94' lang='lat' dir='ltr'><strong>tibi</strong></span> <span class='ocrx_word' id='word_1_86' title='bbox 534 1870 683 1934; x_wconf 91' lang='lat' dir='ltr'><strong>medium</strong></span> <span class='ocrx_word' id='word_1_87' title='bbox 717 1869 835 1950; x_wconf 83' lang='lat' dir='ltr'><strong>eliges.</strong></span> <span class='ocrx_word' id='word_1_88' title='bbox 899 1868 1044 1933; x_wconf 88' lang='lat' dir='ltr'><strong>Interim</strong></span> <span class='ocrx_word' id='word_1_89' title='bbox 1074 1888 1155 1933; x_wconf 86' lang='lat' dir='ltr'><strong>vero</strong></span> <span class='ocrx_word' id='word_1_90' title='bbox 1189 1869 1281 1932; x_wconf 92' lang='lat' dir='ltr'><strong>omui</strong></span> <span class='ocrx_word' id='word_1_91' title='bbox 1313 1868 1400 1934; x_wconf 82' lang='lat' dir='ltr'><strong>ferie</strong></span> 
     </span>
     <span class='ocr_line' id='line_1_15' title="bbox 444 1960 1402 2052; baseline -0.002 -18"><span class='ocrx_word' id='word_1_92' title='bbox 444 1978 581 2052; x_wconf 82' lang='lat' dir='ltr'><strong>quarte,</strong></span> <span class='ocrx_word' id='word_1_93' title='bbox 599 1970 692 2034; x_wconf 82' lang='lat' dir='ltr'><strong>circe</strong></span> <span class='ocrx_word' id='word_1_94' title='bbox 708 1967 827 2032; x_wconf 82' lang='lat' dir='ltr'><strong>horam</strong></span> <span class='ocrx_word' id='word_1_95' title='bbox 850 1986 989 2045; x_wconf 83' lang='lat' dir='ltr'><strong>nonam,</strong></span> <span class='ocrx_word' id='word_1_96' title='bbox 1008 1968 1145 2033; x_wconf 87' lang='lat' dir='ltr'><strong>deficiet</strong></span> <span class='ocrx_word' id='word_1_97' title='bbox 1168 1960 1220 2031; x_wconf 87' lang='lat' dir='ltr'><strong>¹in</strong></span> <span class='ocrx_word' id='word_1_98' title='bbox 1244 1975 1279 2032; x_wconf 90' lang='lat' dir='ltr'><strong>te</strong></span> <span class='ocrx_word' id='word_1_99' title='bbox 1297 1969 1402 2051; x_wconf 90' lang='lat' dir='ltr'><strong>spiri-</strong></span> 
     </span>
     <span class='ocr_line' id='line_1_16' title="bbox 443 2067 1404 2147; baseline -0.003 -13"><span class='ocrx_word' id='word_1_100' title='bbox 443 2077 501 2134; x_wconf 91' lang='lat' dir='ltr'><strong>tus</strong></span> <span class='ocrx_word' id='word_1_101' title='bbox 522 2075 615 2147; x_wconf 92' lang='lat' dir='ltr'><strong>tuus,</strong></span> <span class='ocrx_word' id='word_1_102' title='bbox 638 2075 673 2133; x_wconf 88' lang='lat' dir='ltr'><strong>et</strong></span> <span class='ocrx_word' id='word_1_103' title='bbox 695 2068 853 2132; x_wconf 87' lang='lat' dir='ltr'><strong>decurret</strong></span> <span class='ocrx_word' id='word_1_104' title='bbox 877 2069 921 2132; x_wconf 83' lang='lat' dir='ltr'><strong>ab</strong></span> <span class='ocrx_word' id='word_1_105' title='bbox 944 2087 1003 2132; x_wconf 89' lang='lat' dir='ltr'><strong>ore</strong></span> <span class='ocrx_word' id='word_1_106' title='bbox 1022 2076 1083 2133; x_wconf 93' lang='lat' dir='ltr'><strong>tuo</strong></span> <span class='ocrx_word' id='word_1_107' title='bbox 1104 2075 1140 2132; x_wconf 93' lang='lat' dir='ltr'><strong>et</strong></span> <span class='ocrx_word' id='word_1_108' title='bbox 1159 2067 1300 2132; x_wconf 86' lang='lat' dir='ltr'><strong>naribus</strong></span> <span class='ocrx_word' id='word_1_109' title='bbox 1321 2087 1404 2132; x_wconf 83' lang='lat' dir='ltr'><strong>sen-</strong></span> 
     </span>
     <span class='ocr_line' id='line_1_17' title="bbox 444 2167 1400 2252; baseline -0.001 -19"><span class='ocrx_word' id='word_1_110' title='bbox 444 2171 535 2252; x_wconf 83' lang='lat' dir='ltr'><strong>guis,</strong></span> <span class='ocrx_word' id='word_1_111' title='bbox 561 2176 597 2233; x_wconf 91' lang='lat' dir='ltr'><strong>et</strong></span> <span class='ocrx_word' id='word_1_112' title='bbox 617 2188 727 2251; x_wconf 88' lang='lat' dir='ltr'><strong>usque</strong></span> <span class='ocrx_word' id='word_1_113' title='bbox 752 2168 794 2232; x_wconf 82' lang='lat' dir='ltr'><strong>ad</strong></span> <span class='ocrx_word' id='word_1_114' title='bbox 824 2188 950 2233; x_wconf 84' lang='lat' dir='ltr'><strong>nouam</strong></span> <span class='ocrx_word' id='word_1_115' title='bbox 978 2168 1114 2232; x_wconf 85' lang='lat' dir='ltr'><strong>sabbati</strong></span> <span class='ocrx_word' id='word_1_116' title='bbox 1139 2167 1236 2232; x_wconf 86' lang='lat' dir='ltr'><strong>volut</strong></span> <span class='ocrx_word' id='word_1_117' title='bbox 1263 2176 1400 2232; x_wconf 82' lang='lat' dir='ltr'><strong>mortua</strong></span> 
     </span>
     <span class='ocr_line' id='line_1_18' title="bbox 443 2267 1401 2352; baseline -0.002 -20"><span class='ocrx_word' id='word_1_118' title='bbox 443 2269 680 2352; x_wconf 83' lang='lat' dir='ltr'><strong>permanebis;</strong></span> <span class='ocrx_word' id='word_1_119' title='bbox 698 2269 843 2334; x_wconf 83' lang='lat' dir='ltr'><strong>sabbato</strong></span> <span class='ocrx_word' id='word_1_120' title='bbox 861 2287 943 2333; x_wconf 85' lang='lat' dir='ltr'><strong>voro</strong></span> <span class='ocrx_word' id='word_1_121' title='bbox 961 2268 1080 2331; x_wconf 83' lang='lat' dir='ltr'><strong>eadem</strong></span> <span class='ocrx_word' id='word_1_122' title='bbox 1097 2267 1181 2331; x_wconf 85' lang='lat' dir='ltr'><strong>hora</strong></span> <span class='ocrx_word' id='word_1_123' title='bbox 1198 2267 1401 2332; x_wconf 88' lang='lat' dir='ltr'><strong>restituetur</strong></span> 
     </span>
     <span class='ocr_line' id='line_1_19' title="bbox 443 2365 1403 2451; baseline -0.002 -19"><span class='ocrx_word' id='word_1_124' title='bbox 443 2369 586 2451; x_wconf 87' lang='lat' dir='ltr'><strong>spiritus</strong></span> <span class='ocrx_word' id='word_1_125' title='bbox 610 2377 691 2433; x_wconf 87' lang='lat' dir='ltr'><strong>tuns</strong></span> <span class='ocrx_word' id='word_1_126' title='bbox 715 2366 800 2432; x_wconf 64' lang='lat' dir='ltr'><strong>tibi?</strong></span> <span class='ocrx_word' id='word_1_127' title='bbox 843 2367 912 2432; x_wconf 89' lang='lat' dir='ltr'><strong>His</strong></span> <span class='ocrx_word' id='word_1_128' title='bbox 937 2366 1039 2432; x_wconf 88' lang='lat' dir='ltr'><strong>dictis</strong></span> <span class='ocrx_word' id='word_1_129' title='bbox 1066 2369 1169 2431; x_wconf 81' lang='lat' dir='ltr'><strong>beata</strong></span> <span class='ocrx_word' id='word_1_130' title='bbox 1194 2365 1307 2448; x_wconf 81' lang='lat' dir='ltr'><strong>Virgo</strong></span> <span class='ocrx_word' id='word_1_131' title='bbox 1333 2367 1403 2430; x_wconf 89' lang='lat' dir='ltr'><strong>dis-</strong></span> 
     </span>
     <span class='ocr_line' id='line_1_20' title="bbox 443 2466 1399 2550; baseline -0.001 -18"><span class='ocrx_word' id='word_1_132' title='bbox 443 2469 571 2550; x_wconf 78' lang='lat' dir='ltr'><strong>paruit.</strong></span> <span class='ocrx_word' id='word_1_133' title='bbox 624 2467 753 2533; x_wconf 87' lang='lat' dir='ltr'><strong>Mulier</strong></span> <span class='ocrx_word' id='word_1_134' title='bbox 768 2487 850 2532; x_wconf 88' lang='lat' dir='ltr'><strong>vero</strong></span> <span class='ocrx_word' id='word_1_135' title='bbox 873 2469 995 2532; x_wconf 90' lang='lat' dir='ltr'><strong>timore</strong></span> <span class='ocrx_word' id='word_1_136' title='bbox 1015 2467 1120 2530; x_wconf 90' lang='lat' dir='ltr'><strong>nimio</strong></span> <span class='ocrx_word' id='word_1_137' title='bbox 1143 2466 1399 2549; x_wconf 80' lang='lat' dir='ltr'><strong>expergefacto,</strong></span> 
     </span>
     <span class='ocr_line' id='line_1_21' title="bbox 442 2566 1398 2650; baseline 0.002 -20"><span class='ocrx_word' id='word_1_138' title='bbox 442 2570 611 2632; x_wconf 85' lang='lat' dir='ltr'><strong>somnium</strong></span> <span class='ocrx_word' id='word_1_139' title='bbox 631 2576 803 2650; x_wconf 87' lang='lat' dir='ltr'><strong>repetens,</strong></span> <span class='ocrx_word' id='word_1_140' title='bbox 828 2567 914 2631; x_wconf 90' lang='lat' dir='ltr'><strong>illud</strong></span> <span class='ocrx_word' id='word_1_141' title='bbox 935 2567 971 2630; x_wconf 93' lang='lat' dir='ltr'><strong>in</strong></span> <span class='ocrx_word' id='word_1_142' title='bbox 993 2567 1146 2631; x_wconf 81' lang='lat' dir='ltr'><strong>crastino</strong></span> <span class='ocrx_word' id='word_1_143' title='bbox 1170 2566 1311 2650; x_wconf 80' lang='lat' dir='ltr'><strong>conjugi</strong></span> <span class='ocrx_word' id='word_1_144' title='bbox 1335 2585 1398 2631; x_wconf 86' lang='lat' dir='ltr'><strong>suo</strong></span> 
     </span>
     <span class='ocr_line' id='line_1_22' title="bbox 442 2665 1398 2749; baseline -0.001 -19"><span class='ocrx_word' id='word_1_145' title='bbox 442 2686 506 2748; x_wconf 87' lang='lat' dir='ltr'><strong>per</strong></span> <span class='ocrx_word' id='word_1_146' title='bbox 526 2667 679 2731; x_wconf 89' lang='lat' dir='ltr'><strong>ordinem</strong></span> <span class='ocrx_word' id='word_1_147' title='bbox 699 2667 897 2744; x_wconf 78' lang='lat' dir='ltr'><strong>enerravit3</strong></span> <span class='ocrx_word' id='word_1_148' title='bbox 924 2666 983 2749; x_wconf 92' lang='lat' dir='ltr'><strong>qui</strong></span> <span class='ocrx_word' id='word_1_149' title='bbox 1001 2665 1154 2730; x_wconf 85' lang='lat' dir='ltr'><strong>mulieris</strong></span> <span class='ocrx_word' id='word_1_150' title='bbox 1170 2666 1277 2730; x_wconf 81' lang='lat' dir='ltr'><strong>verba</strong></span> <span class='ocrx_word' id='word_1_151' title='bbox 1298 2667 1398 2749; x_wconf 83' lang='lat' dir='ltr'><strong>parvi</strong></span> 
     </span>
     <span class='ocr_line' id='line_1_23' title="bbox 442 2764 1399 2846; baseline 0.002 -18"><span class='ocrx_word' id='word_1_152' title='bbox 442 2767 607 2846; x_wconf 88' lang='lat' dir='ltr'><strong>pendens,</strong></span> <span class='ocrx_word' id='word_1_153' title='bbox 629 2785 692 2830; x_wconf 91' lang='lat' dir='ltr'><strong>nec</strong></span> <span class='ocrx_word' id='word_1_154' title='bbox 714 2765 817 2829; x_wconf 83' lang='lat' dir='ltr'><strong>etiem</strong></span> <span class='ocrx_word' id='word_1_155' title='bbox 842 2785 921 2831; x_wconf 90' lang='lat' dir='ltr'><strong>cum</strong></span> <span class='ocrx_word' id='word_1_156' title='bbox 940 2765 1071 2830; x_wconf 89' lang='lat' dir='ltr'><strong>videret</strong></span> <span class='ocrx_word' id='word_1_157' title='bbox 1089 2765 1193 2830; x_wconf 88' lang='lat' dir='ltr'><strong>tertio</strong></span> <span class='ocrx_word' id='word_1_158' title='bbox 1214 2764 1271 2828; x_wconf 90' lang='lat' dir='ltr'><strong>die</strong></span> <span class='ocrx_word' id='word_1_159' title='bbox 1292 2765 1399 2830; x_wconf 89' lang='lat' dir='ltr'><strong>filium</strong></span> 
     </span>
     <span class='ocr_line' id='line_1_24' title="bbox 443 2864 1402 2947; baseline 0.004 -21"><span class='ocrx_word' id='word_1_160' title='bbox 443 2866 644 2929; x_wconf 90' lang='lat' dir='ltr'><strong>morientem</strong></span> <span class='ocrx_word' id='word_1_161' title='bbox 662 2865 705 2929; x_wconf 83' lang='lat' dir='ltr'><strong>ed</strong></span> <span class='ocrx_word' id='word_1_162' title='bbox 724 2866 963 2947; x_wconf 75' lang='lat' dir='ltr'><strong>poenitentium</strong></span> <span class='ocrx_word' id='word_1_163' title='bbox 980 2864 1185 2941; x_wconf 84' lang='lat' dir='ltr'><strong>commotus,</strong></span> <span class='ocrx_word' id='word_1_164' title='bbox 1202 2872 1328 2930; x_wconf 81' lang='lat' dir='ltr'><strong>octavo</strong></span> <span class='ocrx_word' id='word_1_165' title='bbox 1344 2866 1402 2930; x_wconf 88' lang='lat' dir='ltr'><strong>die</strong></span> 
     </span>
     <span class='ocr_line' id='line_1_25' title="bbox 438 2962 1402 3048; baseline 0.003 -22"><span class='ocrx_word' id='word_1_166' title='bbox 438 2962 545 3046; x_wconf 82' lang='lat' dir='ltr'><strong>juxte</strong></span> <span class='ocrx_word' id='word_1_167' title='bbox 561 2964 726 3028; x_wconf 87' lang='lat' dir='ltr'><strong>visionem</strong></span> <span class='ocrx_word' id='word_1_168' title='bbox 750 2972 997 3048; x_wconf 77' lang='lat' dir='ltr'><strong>praeostensam</strong></span> <span class='ocrx_word' id='word_1_169' title='bbox 1015 2965 1167 3029; x_wconf 92' lang='lat' dir='ltr'><strong>debitum</strong></span> <span class='ocrx_word' id='word_1_170' title='bbox 1188 2965 1310 3029; x_wconf 90' lang='lat' dir='ltr'><strong>mortis</strong></span> <span class='ocrx_word' id='word_1_171' title='bbox 1332 2965 1402 3030; x_wconf 92' lang='lat' dir='ltr'><strong>sol-</strong></span> 
     </span>
     <span class='ocr_line' id='line_1_26' title="bbox 443 3063 1404 3140; baseline 0.002 -14"><span class='ocrx_word' id='word_1_172' title='bbox 443 3063 506 3127; x_wconf 90' lang='lat' dir='ltr'><strong>vit.</strong></span> <span class='ocrx_word' id='word_1_173' title='bbox 558 3063 686 3128; x_wconf 88' lang='lat' dir='ltr'><strong>Mulier</strong></span> <span class='ocrx_word' id='word_1_174' title='bbox 700 3065 824 3129; x_wconf 86' lang='lat' dir='ltr'><strong>marito</strong></span> <span class='ocrx_word' id='word_1_175' title='bbox 839 3064 1002 3129; x_wconf 89' lang='lat' dir='ltr'><strong>defuncto</strong></span> <span class='ocrx_word' id='word_1_176' title='bbox 1025 3065 1173 3129; x_wconf 82' lang='lat' dir='ltr'><strong>Romam</strong></span> <span class='ocrx_word' id='word_1_177' title='bbox 1191 3064 1288 3140; x_wconf 81' lang='lat' dir='ltr'><strong>adiit,</strong></span> <span class='ocrx_word' id='word_1_178' title='bbox 1308 3083 1404 3128; x_wconf 91' lang='lat' dir='ltr'><strong>sum-</strong></span> 
     </span>
     <span class='ocr_line' id='line_1_27' title="bbox 443 3163 1400 3247; baseline 0.003 -22"><span class='ocrx_word' id='word_1_179' title='bbox 443 3182 569 3246; x_wconf 88' lang='lat' dir='ltr'><strong>moque</strong></span> <span class='ocrx_word' id='word_1_180' title='bbox 583 3163 737 3247; x_wconf 90' lang='lat' dir='ltr'><strong>pontifici</strong></span> <span class='ocrx_word' id='word_1_181' title='bbox 754 3184 825 3229; x_wconf 91' lang='lat' dir='ltr'><strong>rem</strong></span> <span class='ocrx_word' id='word_1_182' title='bbox 841 3165 993 3230; x_wconf 81' lang='lat' dir='ltr'><strong>revelat:</strong></span> <span class='ocrx_word' id='word_1_183' title='bbox 1021 3163 1267 3246; x_wconf 77' lang='lat' dir='ltr'><strong>praenuntiavit</strong></span> <span class='ocrx_word' id='word_1_184' title='bbox 1282 3164 1400 3242; x_wconf 81' lang='lat' dir='ltr'><strong>etiem,</strong></span> 
     </span>
     <span class='ocr_line' id='line_1_28' title="bbox 443 3263 1400 3348; baseline 0.002 -22"><span class='ocrx_word' id='word_1_185' title='bbox 443 3280 534 3326; x_wconf 83' lang='lat' dir='ltr'><strong>anno</strong></span> <span class='ocrx_word' id='word_1_186' title='bbox 562 3264 684 3346; x_wconf 89' lang='lat' dir='ltr'><strong>quinto</strong></span> <span class='ocrx_word' id='word_1_187' title='bbox 709 3271 790 3346; x_wconf 91' lang='lat' dir='ltr'><strong>post</strong></span> <span class='ocrx_word' id='word_1_188' title='bbox 814 3263 924 3341; x_wconf 91' lang='lat' dir='ltr'><strong>illum,</strong></span> <span class='ocrx_word' id='word_1_189' title='bbox 947 3264 1073 3328; x_wconf 84' lang='lat' dir='ltr'><strong>semem</strong></span> <span class='ocrx_word' id='word_1_190' title='bbox 1098 3263 1400 3348; x_wconf 81' lang='lat' dir='ltr'><strong>pestilentiamque</strong></span> 
     </span>
     <span class='ocr_line' id='line_1_29' title="bbox 442 3361 1401 3447; baseline 0.004 -23"><span class='ocrx_word' id='word_1_191' title='bbox 442 3361 604 3426; x_wconf 83' lang='lat' dir='ltr'><strong>futuram.</strong></span> <span class='ocrx_word' id='word_1_192' title='bbox 657 3363 810 3445; x_wconf 85' lang='lat' dir='ltr'><strong>Cupiens</strong></span> <span class='ocrx_word' id='word_1_193' title='bbox 843 3361 1068 3447; x_wconf 85' lang='lat' dir='ltr'><strong>Apostolicus</strong></span> <span class='ocrx_word' id='word_1_194' title='bbox 1096 3363 1223 3427; x_wconf 88' lang='lat' dir='ltr'><strong>certior</strong></span> <span class='ocrx_word' id='word_1_195' title='bbox 1250 3382 1326 3427; x_wconf 86' lang='lat' dir='ltr'><strong>esse</strong></span> <span class='ocrx_word' id='word_1_196' title='bbox 1358 3364 1401 3428; x_wconf 88' lang='lat' dir='ltr'><strong>de</strong></span> 
     </span>
     <span class='ocr_line' id='line_1_30' title="bbox 442 3460 1401 3545; baseline 0.003 -21"><span class='ocrx_word' id='word_1_197' title='bbox 442 3460 507 3538; x_wconf 92' lang='lat' dir='ltr'><strong>his,</strong></span> <span class='ocrx_word' id='word_1_198' title='bbox 522 3482 602 3545; x_wconf 81' lang='lat' dir='ltr'><strong>quse</strong></span> <span class='ocrx_word' id='word_1_199' title='bbox 621 3461 775 3526; x_wconf 80' lang='lat' dir='ltr'><strong>narravit</strong></span> <span class='ocrx_word' id='word_1_200' title='bbox 796 3462 931 3540; x_wconf 91' lang='lat' dir='ltr'><strong>mulier,</strong></span> <span class='ocrx_word' id='word_1_201' title='bbox 949 3462 1126 3527; x_wconf 90' lang='lat' dir='ltr'><strong>duodecim</strong></span> <span class='ocrx_word' id='word_1_202' title='bbox 1152 3463 1320 3527; x_wconf 84' lang='lat' dir='ltr'><strong>matronis</strong></span> <span class='ocrx_word' id='word_1_203' title='bbox 1341 3482 1401 3527; x_wconf 88' lang='lat' dir='ltr'><strong>uo·</strong></span> 
     </span>
     <span class='ocr_line' id='line_1_31' title="bbox 442 3560 1399 3644; baseline 0.003 -20"><span class='ocrx_word' id='word_1_204' title='bbox 442 3560 568 3624; x_wconf 91' lang='lat' dir='ltr'><strong>bilibus</strong></span> <span class='ocrx_word' id='word_1_205' title='bbox 601 3581 678 3626; x_wconf 83' lang='lat' dir='ltr'><strong>eam</strong></span> <span class='ocrx_word' id='word_1_206' title='bbox 712 3562 988 3641; x_wconf 82' lang='lat' dir='ltr'><strong>commendavit3</strong></span> <span class='ocrx_word' id='word_1_207' title='bbox 1024 3561 1228 3644; x_wconf 79' lang='lat' dir='ltr'><strong>praeclpieus</strong></span> <span class='ocrx_word' id='word_1_208' title='bbox 1260 3563 1323 3640; x_wconf 75' lang='lat' dir='ltr'><strong>eiS,</strong></span> <span class='ocrx_word' id='word_1_209' title='bbox 1359 3570 1399 3627; x_wconf 91' lang='lat' dir='ltr'><strong>ut</strong></span> 
     </span>
     <span class='ocr_line' id='line_1_32' title="bbox 441 3660 1400 3744; baseline 0.003 -21"><span class='ocrx_word' id='word_1_210' title='bbox 441 3679 520 3724; x_wconf 90' lang='lat' dir='ltr'><strong>cum</strong></span> <span class='ocrx_word' id='word_1_211' title='bbox 554 3660 616 3725; x_wconf 82' lang='lat' dir='ltr'><strong>ille</strong></span> <span class='ocrx_word' id='word_1_212' title='bbox 652 3660 831 3725; x_wconf 89' lang='lat' dir='ltr'><strong>deficiente</strong></span> <span class='ocrx_word' id='word_1_213' title='bbox 862 3660 987 3744; x_wconf 90' lang='lat' dir='ltr'><strong>spiritu</strong></span> <span class='ocrx_word' id='word_1_214' title='bbox 1019 3661 1239 3739; x_wconf 88' lang='lat' dir='ltr'><strong>obdormiret,</strong></span> <span class='ocrx_word' id='word_1_215' title='bbox 1271 3661 1400 3743; x_wconf 83' lang='lat' dir='ltr'><strong>plantis</strong></span> 
     </span>
     <span class='ocr_line' id='line_1_33' title="bbox 442 3759 1403 3844; baseline 0.003 -22"><span class='ocrx_word' id='word_1_216' title='bbox 442 3759 518 3842; x_wconf 90' lang='lat' dir='ltr'><strong>ejus</strong></span> <span class='ocrx_word' id='word_1_217' title='bbox 543 3761 696 3826; x_wconf 78' lang='lat' dir='ltr'><strong>calentes</strong></span> <span class='ocrx_word' id='word_1_218' title='bbox 722 3761 863 3825; x_wconf 82' lang='lat' dir='ltr'><strong>subules</strong></span> <span class='ocrx_word' id='word_1_219' title='bbox 886 3761 1080 3844; x_wconf 81' lang='lat' dir='ltr'><strong>infigerent,</strong></span> <span class='ocrx_word' id='word_1_220' title='bbox 1105 3760 1206 3824; x_wconf 87' lang='lat' dir='ltr'><strong>etde</strong></span> <span class='ocrx_word' id='word_1_221' title='bbox 1231 3762 1403 3843; x_wconf 78' lang='lat' dir='ltr'><strong>sanguine</strong></span> 
     </span>
     <span class='ocr_line' id='line_1_34' title="bbox 443 3857 1402 3943; baseline 0.004 -23"><span class='ocrx_word' id='word_1_222' title='bbox 443 3857 573 3924; x_wconf 91' lang='lat' dir='ltr'><strong>fluente</strong></span> <span class='ocrx_word' id='word_1_223' title='bbox 597 3862 641 3924; x_wconf 85' lang='lat' dir='ltr'><strong>ab</strong></span> <span class='ocrx_word' id='word_1_224' title='bbox 668 3880 727 3924; x_wconf 92' lang='lat' dir='ltr'><strong>ore</strong></span> <span class='ocrx_word' id='word_1_225' title='bbox 747 3869 781 3924; x_wconf 91' lang='lat' dir='ltr'><strong>et</strong></span> <span class='ocrx_word' id='word_1_226' title='bbox 804 3861 945 3923; x_wconf 86' lang='lat' dir='ltr'><strong>naribus</strong></span> <span class='ocrx_word' id='word_1_227' title='bbox 967 3860 1103 3943; x_wconf 77' lang='lat' dir='ltr'><strong>aliquas</strong></span> <span class='ocrx_word' id='word_1_228' title='bbox 1119 3867 1235 3925; x_wconf 88' lang='lat' dir='ltr'><strong>vestes</strong></span> <span class='ocrx_word' id='word_1_229' title='bbox 1253 3861 1402 3943; x_wconf 80' lang='lat' dir='ltr'><strong>intinge-</strong></span> 
     </span>
     <span class='ocr_line' id='line_1_35' title="bbox 441 3954 1403 4043; baseline 0.005 -23"><span class='ocrx_word' id='word_1_230' title='bbox 441 3954 531 4024; x_wconf 82' lang='lat' dir='ltr'><strong>rent.</strong></span> <span class='ocrx_word' id='word_1_231' title='bbox 588 3959 678 4024; x_wconf 87' lang='lat' dir='ltr'><strong>Haec</strong></span> <span class='ocrx_word' id='word_1_232' title='bbox 703 3979 782 4024; x_wconf 91' lang='lat' dir='ltr'><strong>cum</strong></span> <span class='ocrx_word' id='word_1_233' title='bbox 808 3960 984 4036; x_wconf 86' lang='lat' dir='ltr'><strong>fecissent,</strong></span> <span class='ocrx_word' id='word_1_234' title='bbox 1009 3959 1070 4023; x_wconf 84' lang='lat' dir='ltr'><strong>illa</strong></span> <span class='ocrx_word' id='word_1_235' title='bbox 1097 3960 1222 4023; x_wconf 91' lang='lat' dir='ltr'><strong>necin</strong></span> <span class='ocrx_word' id='word_1_236' title='bbox 1248 3961 1403 4043; x_wconf 81' lang='lat' dir='ltr'><strong>persora-</strong></span> 
     </span>
     <span class='ocr_line' id='line_1_36' title="bbox 443 4057 1399 4139; baseline 0.006 -21"><span class='ocrx_word' id='word_1_237' title='bbox 443 4057 538 4121; x_wconf 89' lang='lat' dir='ltr'><strong>tiouc</strong></span> <span class='ocrx_word' id='word_1_238' title='bbox 567 4059 763 4139; x_wconf 80' lang='lat' dir='ltr'><strong>plantarum</strong></span> <span class='ocrx_word' id='word_1_239' title='bbox 787 4066 840 4122; x_wconf 90' lang='lat' dir='ltr'><strong>est</strong></span> <span class='ocrx_word' id='word_1_240' title='bbox 864 4067 971 4135; x_wconf 82' lang='lat' dir='ltr'><strong>motu,</strong></span> <span class='ocrx_word' id='word_1_241' title='bbox 995 4079 1058 4124; x_wconf 85' lang='lat' dir='ltr'><strong>noc</strong></span> <span class='ocrx_word' id='word_1_242' title='bbox 1084 4059 1227 4124; x_wconf 81' lang='lat' dir='ltr'><strong>infectio</strong></span> <span class='ocrx_word' id='word_1_243' title='bbox 1251 4061 1399 4125; x_wconf 89' lang='lat' dir='ltr'><strong>vestium</strong></span> 
     </span>
    </p>
   </div>
   <div class='ocr_carea' id='block_1_4' title="bbox 716 4267 1028 4346">
    <p class='ocr_par' dir='ltr' id='par_1_4' title="bbox 716 4267 1028 4346">
     <span class='ocr_line' id='line_1_37' title="bbox 716 4267 1028 4346; baseline 0.006 -14"><span class='ocrx_word' id='word_1_244' title='bbox 716 4267 720 4276; x_wconf 90' lang='lat'>&#39;</span> <span class='ocrx_word' id='word_1_245' title='bbox 810 4280 940 4346; x_wconf 55' lang='lat' dir='ltr'><strong>”vrso</strong></span> <span class='ocrx_word' id='word_1_246' title='bbox 958 4283 1028 4334; x_wconf 75' lang='lat' dir='ltr'><strong>nu.</strong></span> 
     </span>
    </p>
   </div>
   <div class='ocr_carea' id='block_1_5' title="bbox 0 0 1606 5028">
    <p class='ocr_par' dir='ltr' id='par_1_5' title="bbox 0 0 1606 5028">
     <span class='ocr_line' id='line_1_38' title="bbox 0 0 1606 5028; baseline 0 0"><span class='ocrx_word' id='word_1_247' title='bbox 0 0 1606 5028; x_wconf 95' lang='lat' dir='ltr'><strong> </strong></span> 
     </span>
    </p>
   </div>
  </div>
 </body>
</html>
