3252 5026
457 475 523 540 206
814 491 885 537 ruo.
909 488 1057 536 univurr

459 649 650 712 Henricum
671 646 866 728 Anglorum
892 665 1004 728 regen,
1027 646 1119 710 circa
1138 645 1347 711 cathedram
1373 645 1409 708 S.

297 748 567 828 manarent,
593 767 656 830 pro
686 746 845 811 Pictavia
871 754 953 810 sunt
983 753 1147 828 acceptae.
1211 745 1292 809 Hoc
1319 765 1411 808 anno

296 819 445 908 ξιῗῗιῖἱῗ.ιηεῐθῐ
457 848 657 911 inchoatum
672 854 726 910 est
739 867 867 910 novum
879 865 967 928 opus
979 845 1293 921 westmonasterii,
1310 845 1410 929 cujus

457 948 494 1011 in
519 947 659 1029 propria
683 965 830 1030 persona
860 966 922 1010 rex
947 946 1095 1027 primum
1122 947 1238 1027 posuit
1259 945 1408 1026 lapidem

458 1046 683 1111 fundamenti.
736 1046 790 1109 De
810 1045 956 1128 singulis
976 1051 1092 1109 autem
1114 1046 1248 1110 carucis
1273 1045 1410 1126 Angliae

459 1147 532 1211 dati
557 1155 639 1210 sunt
655 1146 729 1226 regi
746 1147 814 1210 duo
829 1146 943 1222 solidi,
965 1165 1028 1228 pro
1051 1138 1274 1210 ¹relevamine
1296 1150 1410 1208 status

297 1261 438 1352 {igal-2⁰¹
459 1247 524 1312 sui.
583 1245 777 1328 Stephanus
810 1245 1082 1322 CantuariensiS,
1119 1264 1254 1310 crucem
1289 1244 1412 1327 praedi-

297 1363 418 1401 canonized·
459 1365 542 1410 cans
564 1344 656 1428 apud
671 1345 1031 1422 westmonasterium,
1054 1345 1348 1410 canonisationem
1373 1343 1409 1408 S.

460 1446 624 1527 Hugonis
640 1444 890 1509 Lincolnieusis
904 1443 1057 1526 episcopi
1072 1445 1273 1526 publicavit,
1286 1463 1308 1506 a
1321 1463 1411 1525 papa

297 1560 431 1599 Translation
460 1545 618 1609 Honorio
642 1564 751 1628 nuper
772 1545 911 1608 factam.
965 1543 1078 1608 Nonis
1097 1544 1120 1608 J
1123 1545 1185 1608 ulii
1208 1562 1333 1626 corpus
1356 1563 1411 1606 ve·

298 1611 322 1649 ol
328 1612 358 1649 St.
366 1611 421 1649 Tho-

297 1661 433 1748 mrgorcan·
460 1645 612 1708 nerabile
651 1645 745 1708 beati
780 1644 924 1707 Thomna
962 1643 1142 1727 Martyris,
1183 1643 1410 1725 praesentibus

297 1717 389 1810 W.
461 1744 617 1808 Henrico
642 1764 723 1825 rege
753 1751 788 1808 et
819 1743 991 1807 Pandulfo
1018 1744 1218 1825 apostolicae
1245 1743 1336 1806 sedis
1361 1743 1409 1806 le-

460 1853 555 1926 gato,
577 1863 656 1906 cum
677 1842 896 1907 multitudiue
917 1843 1138 1924 praelatorum
1162 1850 1198 1907 et
1220 1862 1411 1924 procerum,

461 1943 668 2007 translatum
697 1950 759 2018 est,
786 1943 882 2006 etin
912 1962 1017 2024 capsa
1043 1943 1195 2024 pretiosa
1220 1942 1411 2024 diligentis-

461 2044 546 2106 sime
586 2042 804 2106 collocatum.
868 2042 984 2107 Latini
1019 2043 1078 2123 qui
1114 2043 1338 2106 morabantur
1374 2042 1411 2104 in

462 2141 612 2218 Graecia,
630 2143 770 2206 detento
788 2141 900 2205 adhuc
919 2143 955 2205 iu
975 2161 1112 2206 carcere
1133 2141 1239 2205 Petro
1265 2141 1413 2224 impera-

462 2250 549 2320 tore,
581 2242 693 2306 missis
726 2242 936 2306 solemnibus
967 2243 1097 2306 nuntiis
1126 2242 1170 2305 ad
1203 2241 1309 2304 lilium
1337 2240 1413 2324 ejus

462 2343 620 2407 comitem
646 2334 857 2418 ²Namurcii,
877 2348 917 2405 ut
939 2342 1072 2405 veniret
1097 2347 1132 2404 et
1158 2342 1208 2405 eis
1229 2341 1413 2423 imperaret
1449 2337 1451 2342 ’

462 2441 663 2525 suppliciter
685 2442 889 2506 invitarunt.
940 2439 1011 2519 Qui
1037 2440 1202 2505 honorem
1228 2441 1293 2504 sihi
1317 2439 1412 2504 obla-

463 2549 535 2606 tum
558 2561 735 2624 respuens,
757 2541 897 2605 fratrem
920 2559 1033 2618 suum,
1052 2539 1244 2606 Henricum
1265 2541 1413 2616 nomine,

463 2643 506 2714 ad
525 2661 584 2704 eos
600 2641 813 2719 transmisit3
839 2660 941 2722 quem
962 2640 1014 2704 illi
1033 2648 1211 2723 gratanter
1233 2640 1414 2704 admitten-

464 2747 528 2817 teS,
554 2740 723 2822 imperiali
747 2739 877 2803 honore
899 2747 935 2803 et
956 2739 1148 2805 diademate
1172 2740 1412 2803 sublimarunt.

302 2857 441 2918 uecoyerrof
466 2840 545 2903 Hoc
569 2859 660 2903 anno
683 2846 848 2921 ceperunt
864 2839 1053 2904 Christiani
1074 2841 1250 2904 civitatem
1267 2840 1414 2922 AEgypti

302 2909 416 2946 mmm
463 2939 584 3016 Tanis,
601 2959 669 3002 non
687 2939 809 3002 minori
827 2939 991 3003 miraculo
1012 2959 1116 3023 quam
1138 2940 1234 3023 prius
1253 2948 1415 3022 ceperant

465 3039 675 3103 Damiatam.
725 3038 804 3102 Hoc
822 3058 924 3116 anno,
938 3041 974 3102 in
989 3041 1111 3104 itinere
1129 3039 1415 3123 peregrinationis

465 3137 775 3219 lerosolymitauae,
806 3137 980 3203 Henricus
1005 3140 1047 3204 de
1075 3141 1177 3204 Bcun
1204 3139 1414 3203 Herforden-

465 3239 524 3314 sie,
548 3245 583 3302 et
606 3232 750 3304 ”Saerus
774 3239 816 3302 de
840 3238 974 3317 Quenci
996 3240 1248 3305 Wintoniensis
1273 3240 1416 3304 comites

465 3339 634 3402 obierunt.

303 3449 452 3542 ssggffip
516 3438 560 3501 ln
574 3438 692 3503 ordine
702 3437 973 3502 Praedicatorum
993 3447 1174 3522 coeperunt
1189 3439 1307 3503 haberi
1322 3439 1416 3521 eapi-

442 3526 540 3601 ‘tula
569 3539 755 3619 generalia,
793 3557 938 3620 quorum
971 3539 1118 3623 primum
1152 3539 1319 3603 Bononiae
1352 3538 1417 3602 hoe

465 3657 555 3702 auno
576 3639 640 3701 sub
659 3640 761 3702 beato
783 3638 965 3703 Dominieo
983 3640 1187 3704 celebratur.
1239 3639 1417 3704 Statutum

465 3737 580 3802 estin
606 3737 671 3802 hoc
697 3737 862 3820 capitulo,
892 3758 934 3802 ne
965 3739 1199 3820 possessiones
1230 3746 1265 3802 et
1286 3738 1416 3802 reditus

465 3837 589 3900 amodo
617 3838 849 3919 reciperentur
874 3838 908 3900 in
936 3839 1066 3915 ordine,
1092 3845 1127 3902 et
1152 3838 1245 3922 quod
1268 3837 1338 3901 illis
1364 3857 1418 3900 re·

465 3937 676 4014 nuntiarent,
707 3957 793 4018 quas
825 3938 1000 4002 habehant
1029 3939 1066 4001 in
1100 3939 1256 4021 partibus
1288 3937 1418 4001 Tholo-

499 4141 507 4173 ¹
525 4140 703 4204 ‘elevamiu03’
715 4145 755 4194 M.
986 4144 997 4176 ⁸
1014 4146 1127 4195 ‘Socrus
1151 4148 1184 4196 de
1206 4147 1302 4199 Quenti
1313 4143 1328 4208 ;'
1357 4149 1416 4198 cod.

497 4211 508 4241 ¹
524 4211 694 4274 ‘Namurcii3'
706 4215 757 4264 M.:
769 4211 925 4276 ‘Mauricii3’
953 4216 1017 4278 Reg.
1029 4216 1078 4264 aud
1092 4217 1175 4278 MSS,
1184 4222 1275 4278 except
1286 4218 1325 4266 M.
1333 4217 1418 4266 which

463 4282 510 4334 Ar.
952 4282 1139 4337 has‘Quenu.'
