3226 5020
608 507 793 556 nunnius.
1111 496 1177 559 313

226 663 403 746 pignorati
436 682 552 728 coram
577 664 754 747 jndicibus
786 664 968 728 convenire
997 664 1174 744 voluisset,
1187 683 1326 722 mammos

226 763 285 826 ille
323 763 530 845 respondere
569 756 711 840 ¹noluit,
760 762 978 845 praetendens
1018 763 1174 829 chartam
1187 733 1305 772 ΜΗ

150 927 152 929 ,
227 863 320 944 regis
343 862 515 946 quondam
540 862 697 940 Henrici,
718 882 789 945 qua
810 863 875 925 sibi
897 863 1067 927 indultum
1095 863 1174 942 suit,

179 1002 181 1006 -
228 981 271 1026 ne
298 982 414 1040 coram
427 961 544 1046 judice
572 962 701 1044 aliquo,
724 981 868 1045 corpore
894 963 986 1044 regis
1015 971 1173 1046 excepto,

227 1061 263 1124 in
282 1061 451 1145 judicium
469 1061 559 1126 trahi
575 1063 697 1143 possit.
751 1061 856 1125 Miles
877 1081 982 1144 super
998 1063 1063 1127 hoc
1084 1067 1173 1128 anx·'

229 1161 284 1224 ius
313 1160 526 1227 Vasconiam
557 1161 651 1236 adiit,
679 1169 719 1224 ut
746 1181 851 1243 super
878 1160 987 1226 hoca
1011 1182 1093 1244 rege
1120 1183 1174 1228 re-

228 1260 375 1324 medium
408 1261 548 1342 aliquod
579 1261 792 1343 impetraret.
862 1259 964 1338 Quod
998 1280 1076 1325 cum
1110 1283 1173 1328 rex

229 1352 523 1437 laudissethon
539 1359 660 1437 decet,'
673 1361 798 1442 inquit,
815 1359 923 1424 ‘filios
934 1360 1027 1425 sacta
1036 1362 1174 1428 irritare

228 1467 420 1542 parentum,
447 1461 571 1542 quibus
593 1460 669 1541 lege
693 1459 811 1524 divina
829 1459 996 1543 jubentur
1013 1481 1172 1526 reveren·

228 1558 312 1622 tiam
343 1558 528 1636 exhibere3
560 1567 701 1643 propter
730 1560 822 1642 quod
838 1553 949 1623 ³lacta
970 1560 1079 1642 patris
1107 1562 1174 1626 mei

226 1678 388 1722 revocare
412 1679 480 1723 non
506 1659 662 1724 decrevi:
686 1659 747 1722 sed
771 1658 833 1722 tibi
858 1659 1050 1742 ceterisque
1065 1662 1173 1739 omui7

226 1755 291 1822 bus
326 1759 423 1840 regni
454 1758 521 1821 mei
550 1778 651 1841 aequa
682 1758 770 1840 lege,
799 1779 842 1822 ne
870 1759 984 1841 potior
1015 1760 1173 1825 videatur

225 1853 249 1920 J
252 1857 372 1921 udaeus
386 1877 490 1941 quam
506 1856 735 1936 Christianus
747 1858 922 1939 indulgeo,
945 1877 988 1921 ne
1008 1879 1070 1940 pro
1086 1879 1171 1942 qua-

227 1975 373 2040 cumque
390 1957 441 2021 illi
458 1957 481 2020 J
485 1957 586 2022 udaeo
602 1958 700 2022 illata
716 1957 854 2042 injuria,
872 1957 1034 2041 quamdiu
1050 1959 1172 2024 charta

225 2074 288 2120 sua
314 2057 464 2138 gaudere
496 2057 653 2132 voluerit,
683 2076 799 2120 coram
817 2056 934 2141 judice
963 2057 1093 2140 aliquo,
1116 2079 1171 2124 me

226 2163 385 2238 excepto,
396 2157 570 2219 conveniri
583 2153 747 2239 possitis?
785 2157 997 2220 Revertente
1012 2176 1090 2220 cum
1104 2157 1170 2223 hoc

224 2255 406 2337 priuilegio
428 2256 548 2333 milite,
582 2255 764 2320 attendens
792 2255 815 2318 J
818 2255 938 2319 udaeus
964 2255 1030 2319 sibi
1059 2257 1170 2321 immi-

225 2371 306 2417 nere
344 2353 505 2418 damnum
544 2362 579 2420 et
619 2355 819 2438 pericnlum,
857 2362 1048 2436 spontanee
1097 2376 1169 2421 suae

225 2452 354 2517 chartae
380 2455 567 2530 renuntiat,
600 2462 726 2536 optans
754 2463 794 2519 ut
826 2461 995 2518 evacuata
1025 2456 1171 2520 conditi-

225 2571 290 2615 one
307 2554 491 2636 privilegii,
508 2573 588 2637 pars
607 2561 755 2638 utraque
776 2555 846 2636 legi
867 2554 1039 2618 communi
1055 2556 1172 2621 valeat

224 2653 412 2737 subjacere.

273 2752 340 2816 Die
372 2753 533 2835 quadam,
561 2771 639 2816 cum
671 2773 730 2817 rex
758 2761 794 2817 et
818 2753 938 2835 regina
966 2755 1002 2816 in
1032 2774 1169 2820 camera
1183 2775 1312 2816 nervom.

221 2853 370 2934 quadam
400 2852 653 2929 convenientes
686 2872 790 2936 super
821 2853 948 2918 lectum
987 2856 1167 2937 quemdam
1180 2827 1321 2925 tillidi

220 2952 371 3016 sedendo
403 2952 716 3031 confabularentur,
738 2953 828 3017 ictus
853 2953 1006 3017 fulminis
1031 2974 1093 3037 per
1117 2955 1166 3019 se·
1181 2927 1309 3026 {1²23}in
1309 2928 1324 2966 ‘¹

222 3047 374 3115 nestram
393 3071 472 3136 quae
490 3053 540 3116 eis
562 3061 637 3117 erat
659 3072 679 3115 a
701 3053 804 3117 dorso
820 3054 1009 3134 ingressus,
1027 3061 1061 3117 ct
1078 3041 1169 3119 inter

220 3171 281 3214 eos
308 3152 489 3228 transienS,
515 3151 600 3233 ipsis
627 3153 766 3234 penitus
791 3152 922 3229 illaesis,
945 3152 1032 3216 duos
1060 3154 1168 3218 domi·

221 3249 328 3314 cellos
344 3251 401 3332 qni
422 3253 458 3315 in
481 3271 598 3314 eorum
618 3253 759 3316 stabant
780 3253 966 3334 praesentia
983 3251 1166 3320 interfecit.

220 3348 413 3432 Stupelacti
435 3351 615 3415 admodum
644 3352 750 3416 ceteri
773 3369 892 3414 omnes
920 3350 980 3432 qui
1010 3351 1166 3430 aderant,

220 3467 264 3517 ex
294 3451 444 3515 evidenti
472 3452 564 3533 quod
596 3451 789 3532 contigerat
815 3449 993 3527 miraculo,
1021 3469 1166 3533 perpen-

218 3547 348 3616 debant
368 3549 475 3615 divini
493 3551 742 3633 protectionem
765 3549 914 3614 numinis
938 3550 1044 3614 saluti
1061 3551 1167 3632 regiae

219 3667 289 3712 non
307 3650 437 3714 deesse.

269 3749 350 3812 Rex
382 3747 522 3830 Angliae
554 3739 672 3814 eodem
711 3769 802 3813 anuo
836 3748 1012 3831 profectus
1047 3757 1100 3815 est
1129 3749 1287 3822 inmun,

218 3845 445 3930 Aragoniam,
470 3856 510 3912 nt
530 3850 822 3939 consanguineum
842 3841 1040 3928 ⁴(iamlam,
1056 3848 1163 3913 filium
1178 3822 1303 3922 imin.

218 3945 348 4025 Caroli,
383 3949 427 4011 ab
458 3946 606 4012 Alsonso
646 3969 728 4029 rege
761 3947 949 4030 Aragouiae
989 3948 1165 4014 detentum
1309 3947 1312 3954 ’

216 4047 425 4123 incarcere,
451 4047 622 4112 liberaret.
676 4048 756 4112 Rex
785 4046 893 4131 Cypri
921 4047 1012 4129 apud
1041 4046 1164 4113 Achon

252 4227 259 4257 ¹
278 4230 378 4278 ‘renuit
383 4225 398 4291 ;’
410 4230 458 4280 Ar.
737 4229 748 4263 ⁸
764 4232 876 4281 ‘factum
885 4225 899 4287 ς’
916 4231 964 4282 Ar.
976 4236 1000 4281 ct
1012 4230 1059 4282 Ar.
1070 4237 1128 4284 220.

251 4297 261 4328 ¹
276 4297 423 4361 ‘vidissem’
443 4301 482 4350 M.
494 4299 575 4350 etAr.
737 4299 746 4328 ⁴
762 4302 865 4351 omitted
877 4302 902 4349 ln
914 4299 952 4350 Μ.
