3226 5020
281 1250 338 1298 Pope
346 1247 418 1287 Urbon

281 1301 412 1338 endeavours

281 1355 304 1386 to
312 1358 410 1396 pompose

280 1400 317 1437 the
327 1397 419 1436 troubles

281 1448 304 1488 in
315 1448 418 1497 Engialrd.

438 459 503 524 262
793 475 866 522 uro.
884 473 1033 522 curvum

439 629 659 712 progreditur
677 649 798 696 versus
819 629 1146 711 Mentem-gomeri3
1167 629 1283 710 ibique
1299 627 1392 691 facta

440 749 526 811 peoe
553 730 643 792 inter
664 729 824 797 comitem
853 729 1038 812 Symonem
1065 737 1100 795 et
1123 727 1308 811 praedictos
1333 746 1392 790 no·

441 829 539 905 biles,
569 829 660 894 datis
691 829 735 892 ab
767 830 817 894 eis
845 829 1034 905 obsidibus,
1065 848 1179 894 comes
1209 827 1392 910 adportes

443 927 613 996 australes
642 928 838 1004 revertitur,
863 936 903 992 ut
928 935 1124 995 occurreret
1146 927 1291 1003 militiae,
1314 945 1392 1008 quae

443 1027 485 1094 de
510 1027 666 1108 partibus
692 1025 886 1096 Gallicanis
908 1028 943 1090 in
967 1028 1059 1108 regis
1087 1027 1277 1094 subsidium
1301 1024 1392 1090 dice·

442 1127 545 1194 batur
563 1133 718 1192 ventura.

495 1225 657 1292 Urbanus
699 1244 803 1308 papa,
842 1224 1031 1294 turbationi
1068 1224 1168 1306 regni
1206 1221 1396 1304 Anglioani

443 1325 667 1406 compatiens,
702 1324 855 1406 legatum
889 1325 983 1388 misit
1011 1318 1203 1392 ¹dominum
1231 1323 1395 1388 Sabinou-

444 1443 515 1490 sem
531 1424 728 1506 episcopum
747 1423 955 1488 cardinalem
971 1444 979 1503 ;
1004 1425 1064 1506 qui
1081 1423 1246 1504 Angllom
1264 1423 1394 1490 intrare

444 1543 514 1592 non
536 1524 669 1600 valens,
686 1523 827 1604 navigio
845 1522 1006 1604 Quinque
1027 1521 1196 1589 Portuum
1220 1540 1314 1586 mare
1338 1541 1395 1586 oc-

401 1667 403 1671 ·
442 1631 605 1704 cupante,
623 1623 790 1704 quosdam
814 1624 993 1704 episcopos
1012 1622 1151 1704 Angliae
1168 1622 1212 1688 od
1229 1641 1268 1688 se
1285 1622 1395 1704 primo

444 1721 639 1798 Ambianis,
680 1721 802 1785 deinde
835 1722 1016 1788 Boloniam
1052 1723 1232 1799 evocerit3
1272 1722 1396 1804 quibus

445 1822 650 1887 sententiam
676 1821 1041 1887 excommunicationis
1061 1829 1096 1887 et
1119 1820 1293 1887 interdicti
1318 1840 1396 1884 auo·

446 1920 587 1984 toritoto
619 1920 735 2001 papali
774 1921 810 1984 in
846 1921 1023 1988 civitatem
1062 1921 1331 1997 Lendoniarum,
1362 1928 1397 1986 et

447 2018 609 2100 Quinque
632 2018 980 2103 recusemusque
1001 2039 1120 2102 paoem
1143 2021 1234 2101 regis
1257 2018 1395 2102 Angliae

445 2119 625 2184 turbantes
664 2117 894 2196 fulminatum,
930 2119 1173 2201 publicandam
1208 2139 1397 2202 exsequen-

445 2218 594 2300 damque
624 2219 806 2283 commisit.
875 2219 1191 2286 Dissimulaverunt
1224 2219 1397 2285 nihilomiss

446 2337 512 2386 uus
531 2317 684 2400 episcopi
703 2319 893 2399 negotium,
915 2319 959 2386 de
980 2319 1080 2402 cujus
1097 2337 1204 2385 causa
1221 2338 1290 2385 nou
1312 2319 1399 2384 satis

446 2425 542 2482 certe
556 2417 683 2480 diversi
697 2418 794 2483 varie
810 2411 1008 2500 opinantur.

498 2515 578 2579 Hoc
601 2536 691 2580 anno
714 2517 877 2599 apparuit
900 2525 1038 2587 cometa
1062 2524 1133 2583 mm
1158 2516 1334 2595 notabilia
1358 2525 1399 2584 ut

446 2616 565 2682 scribit
596 2614 704 2684 freter
731 2615 906 2686 Martinus
935 2617 970 2681 in
997 2616 1167 2684 chronicis
1196 2617 1279 2693 suis,
1305 2618 1397 2698 quod

447 2715 563 2784 nullus
584 2724 667 2780 tuno
690 2715 809 2780 vivens
832 2716 936 2782 talem
963 2722 1043 2782 aute
1061 2715 1199 2781 viderit.
1250 2717 1307 2781 Ab
1334 2718 1401 2782 ori.

447 2825 527 2880 ente
559 2814 649 2906 enim
681 2833 758 2880 eum
791 2833 918 2896 magno
948 2815 1084 2896 fulgore
1113 2835 1259 2897 surgens
1289 2835 1399 2899 usque

447 2913 493 2978 ed
520 2911 669 2979 medium
694 2912 925 2995 hemisphaerii
953 2934 1074 2981 vorsus
1103 2915 1314 2982 occidentem
1342 2935 1400 2982 oo·

448 3030 539 3079 mem
562 3011 771 3094 perlucidam
795 3014 1038 3095 pertrahebat;
1065 3021 1100 3078 et
1122 3014 1204 3081 licet
1225 3015 1261 3080 in
1285 3014 1399 3081 diver·

448 3109 498 3175 sis
536 3110 654 3180 mundi
688 3112 847 3194 partibus
881 3114 992 3179 multe
1021 3113 1109 3180 forte
1141 3113 1399 3196 significaverit,

449 3209 515 3280 hoc
542 3218 658 3280 tamen
683 3231 788 3280 unum
818 3220 999 3294 procerte
1028 3221 1241 3295 compertum
1270 3222 1335 3292 est,
1361 3225 1400 3280 ut

450 3329 527 3377 cum
550 3311 733 3394 plusquam
763 3331 824 3394 per
850 3321 920 3382 tres
946 3331 1080 3380 meuses
1107 3312 1296 3390 duraverit,
1324 3316 1400 3397 ipso

451 3411 561 3491 primo
584 3420 773 3493 apparente
797 3430 889 3494 pape
910 3412 1073 3480 Urbanus
1094 3413 1260 3480 infirmari
1283 3415 1401 3496 coepit,

452 3519 487 3573 et
512 3511 630 3575 eedem
659 3520 759 3578 nocte
785 3531 856 3593 quo
881 3531 973 3594 papa
997 3520 1152 3579 mortuus
1176 3520 1230 3580 est
1250 3507 1402 3580 ²eometa

451 3609 633 3691 disparuit.
687 3609 782 3678 Obiit
804 3617 920 3680 autem
951 3611 1087 3680 Perusii
1113 3619 1148 3676 et
1169 3613 1327 3696 sepultus
1349 3622 1401 3680 est

451 3708 589 3773 ibidem.
664 3709 806 3777 Urbano
842 3713 1010 3779 successit
1049 3710 1209 3780 Clemens
1245 3722 1402 3794 quartus,

452 3809 591 3874 natione
609 3808 861 3888 Provincialis;
896 3812 955 3894 qui
970 3805 1098 3894 ³primo
1113 3831 1255 3879 uxorem
1273 3812 1403 3878 hebens

488 4049 496 4082 ¹
513 4054 531 4102 i.
542 4068 566 4102 e.
584 4053 682 4114 Guido,
704 4053 747 4101 the
770 4067 840 4102 same
857 4055 916 4102 who
975 4051 1085 4104 ’Holl’s
1102 4056 1278 4106 emendation:
1303 4057 1404 4108 ‘come-

453 4123 594 4170 succeeded
609 4124 697 4179 Urben
714 4124 748 4184 by
759 4123 801 4172 the
819 4125 874 4175 title
891 4125 919 4173 of
939 4121 1000 4185 tes5’
1014 4127 1073 4176 Cod.
1086 4126 1150 4186 Rea.

453 4191 625 4244 ClemeotIV.
974 4193 1177 4256 ³‘poetuxorem
1188 4195 1284 4246 habens
1296 4197 1406 4261 etolios,

939 4265 1050 4314 famosus
1062 4266 1089 4312 lit
1100 4266 1238 4314 advocatus
1248 4267 1264 4325 ;’
1275 4267 1314 4316 M.
