3204 5028
439 483 483 546 74
798 497 871 544 ruo.
895 496 1042 542 rmvnrr
1102 562 1106 572 Ι

440 673 501 718 rex
533 659 710 735 posuerat,
744 671 845 734 prece
875 651 1047 733 corruptis
1072 657 1108 716 et
1134 651 1258 732 pretio.
1311 649 1390 729 Quo

439 751 570 830 audito,
598 773 659 816 rex
689 753 771 816 illuc
803 753 1047 815 Brabanzones
1081 769 1163 814 suos
1192 750 1288 813 misit
1314 770 1390 814 cum

439 852 515 914 aliis
543 853 721 929 militibus
748 850 808 933 qui
836 869 896 914 eos
925 857 1084 932 regerent
1110 857 1146 935 et
1170 856 1393 932 protegerent

439 960 560 1015 contra
577 951 706 1015 hostes
759 949 830 1028 Qui
852 950 1019 1014 babentes
1041 949 1106 1013 sibi
1126 949 1264 1013 obviam
1286 950 1392 1012 comi-

439 1059 508 1114 tem
531 1050 687 1127 cestriae,
711 1049 950 1132 Hastulphum
974 1048 1016 1112 de
1040 1049 1077 1114 S.
1092 1047 1243 1126 Hilario,
1258 1047 1392 1112 Willel·

438 1170 532 1214 mum
572 1149 708 1227 Patrik,
740 1169 818 1212 cum
860 1149 938 1217 aliis
967 1147 1132 1212 militibus
1158 1147 1315 1230 plurimis
1349 1168 1391 1212 ac

438 1249 591 1332 peditum
617 1248 835 1314 multitudine
850 1267 989 1329 magna,
1006 1248 1122 1311 statim
1142 1267 1202 1310 eos
1221 1247 1392 1330 compule-

438 1357 519 1412 runt
536 1349 572 1413 in
589 1349 719 1430 fugam,
735 1348 956 1431 quamplures
977 1346 1020 1410 de
1042 1345 1213 1429 peditibus
1235 1346 1392 1410 occiden-

438 1448 494 1512 do.
548 1448 652 1531 Capti
687 1455 769 1511 sunt
801 1446 1023 1529 Hastulphus
1054 1446 1097 1509 de
1127 1446 1164 1511 S.
1187 1444 1326 1510 Hilario
1355 1455 1391 1510 et

437 1547 635 1612 Willelmus
650 1546 786 1624 Patrik,
804 1565 882 1612 cum
896 1546 974 1610 aliis
988 1545 1192 1629 quibusdam
1212 1545 1390 1623 militibus

439 1641 485 1710 et¹
500 1667 563 1729 pro
578 1646 737 1711 custodia
753 1644 796 1710 ad
815 1646 962 1710 Pontem
984 1639 1164 1709 ²Ursionis
1185 1645 1390 1709 transmissi.

439 1745 564 1810 Comes
586 1765 668 1810 vero
691 1745 836 1809 Cestriae
858 1754 893 1809 et
917 1743 1125 1827 Radulphus
1147 1743 1189 1807 de
1218 1744 1390 1826 Fulgeriis

438 1865 514 1908 cum
539 1846 617 1909 aliis
638 1845 804 1909 militibus
828 1845 1014 1926 sexaginta
1036 1864 1104 1908 non
1127 1850 1286 1925 potentes
1307 1863 1390 1908 eva·

438 1944 518 2008 dere
533 1964 595 2027 per
611 1945 740 2026 fugam,
758 1943 824 2009 viis
843 1964 905 2026 per
927 1943 1045 2008 hostes
1065 1943 1263 2021 obstructis
1280 1944 1389 2008 inclu-

438 2052 557 2108 serunt
571 2064 609 2108 se
631 2046 666 2107 in
683 2045 770 2108 turri
788 2043 944 2120 Dolensi‚
967 2063 1071 2126 quam
1087 2043 1331 2106 Brabanzones
1354 2049 1390 2108 et

437 2143 564 2208 milites
577 2145 663 2226 regii
681 2143 897 2208 obsederunt.
926 2141 1100 2207 Henricus
1117 2143 1242 2220 senior,
1258 2142 1312 2206 his
1330 2161 1389 2206 au-

437 2243 531 2320 ditis,
564 2263 643 2308 cum
674 2251 765 2307 esset
796 2242 1019 2323 Rothomagi,
1046 2243 1082 2305 in
1111 2243 1263 2306 crastino
1288 2260 1389 2305 mane

437 2363 558 2408 versus
585 2344 802 2409 Britanniam
825 2342 1052 2424 proficiscitur
1078 2348 1177 2405 tanta
1199 2342 1389 2417 celeritate,

437 2443 529 2525 quod
543 2445 702 2526 proximo
718 2442 773 2506 die
786 2443 944 2524 sequenti
961 2442 1087 2505 Dolum
1102 2440 1276 2523 pervenit:
1294 2459 1389 2504 cum-

435 2562 502 2625 que
520 2543 697 2607 machinas
720 2549 950 2624 praeparasset
966 2541 1010 2604 ad
1033 2541 1155 2604 turrim
1174 2540 1388 2623 capiendam,

435 2642 559 2709 inclusi
581 2643 646 2706 sibi
664 2640 884 2724 providentes
901 2641 1022 2704 turrim
1041 2639 1274 2716 reddiderunt,
1292 2659 1333 2703 ac
1350 2659 1388 2702 se

435 2742 608 2806 voluntati
625 2742 729 2821 regiae
746 2738 994 2816 subdiderunt;
1021 2759 1167 2822 quorum
1182 2739 1315 2821 aliquos
1327 2758 1388 2821 per

436 2839 589 2904 diversas
605 2840 785 2903 firmitates
805 2839 1017 2921 mancipavit
1033 2838 1222 2918 custodiae3
1252 2839 1387 2920 aliquos

436 2958 530 3015 vero,
558 2939 709 3021 acceptis
740 2939 927 3014 obsidibus,
956 2939 992 3002 in
1019 2938 1128 3002 libera
1153 2937 1310 3002 custodia
1335 2956 1388 3000 re-

435 3039 548 3102 tinens
566 3057 681 3104 secum
696 3037 808 3101 duxit.
862 3037 1004 3101 Interim
1027 3057 1142 3102 comes
1167 3037 1388 3120 Leycestriae,

436 3137 609 3202 associato
624 3138 689 3202 sibi
707 3137 860 3218 Hugone
880 3136 922 3200 de
942 3136 1225 3213 NovoGastello,
1247 3137 1387 3200 turbare

435 3237 556 3301 volens
572 3232 728 3319 ”regnum
750 3235 900 3318 Augilas,
920 3255 997 3300 cum
1020 3255 1148 3318 magna
1169 3235 1387 3300 multitudine

435 3337 582 3401 militum
614 3335 876 3400 Flandrensium
915 3343 951 3399 et
989 3335 1147 3412 aliorum,
1183 3334 1256 3399 zelo
1295 3335 1416 3415 regis.

431 3436 580 3520 junioris
605 3437 640 3499 in
663 3435 829 3517 Angliam
853 3434 1112 3514 transfretavit3
1139 3435 1199 3517 qui
1216 3433 1322 3516 juxta
1350 3432 1385 3496 S.

436 3536 689 3613 Eadmundum,
722 3536 780 3599 ubi
812 3535 919 3616 coepit
945 3533 1081 3616 praedas
1110 3552 1282 3609 exercere,
1316 3550 1387 3594 una

435 3655 512 3698 cum
532 3655 642 3700 uxore
664 3653 704 3698 ac
724 3634 890 3716 praedicto
910 3635 1063 3715 Hugone
1086 3627 1161 3716 ⁴[de
1180 3630 1386 3696 Novo-Cas·

434 3735 533 3816 tello]
563 3755 625 3817 per
655 3733 780 3797 milites
806 3733 898 3814 regis
926 3740 1049 3816 captus
1078 3739 1131 3796 est
1158 3738 1194 3795 et
1221 3729 1386 3794 custodiae

471 3995 479 4026 ¹
492 3997 568 4044 What
578 3996 716 4045 follows'es
728 3995 767 4044 far
778 4009 807 4044 es
818 3995 891 4045 ‘sero
962 3995 1082 4060 ³⁴regom
1091 3993 1105 4058 ;’
1118 3999 1165 4046 Ar.

434 4061 534 4128 aginta’
546 4066 569 4114 is
581 4065 683 4114 omitted
695 4067 722 4114 in
733 4061 801 4114 D’A.

468 4132 496 4164 2‘
507 4136 614 4183 Ursonis
622 4131 636 4195 ;’
649 4137 688 4184 M.
697 4140 722 4184 ct
733 4136 780 4184 Ar.
815 4135 893 4182 Pont·
961 4133 971 4166 ⁴
983 4136 1031 4186 ‘de
1043 4134 1250 4186 Novo-Castello'
1260 4150 1304 4184 are
1315 4135 1387 4184 omit·

433 4204 526 4264 Orsen,
544 4220 576 4252 on
595 4205 636 4254 the
652 4207 761 4256 contines
778 4204 808 4254 oi
827 4204 892 4254 Nor·
926 4207 968 4255 ted
981 4207 1007 4255 in
1019 4207 1084 4268 Raeg.
1099 4208 1158 4256 Cod.
1170 4205 1221 4255 and
1231 4203 1279 4255 Ar.

432 4273 526 4335 mandy
537 4274 587 4323 and
600 4276 725 4336 Brittsny.
1312 4312 1314 4319 ·
