3204 5028
607 493 787 546 anninus.
1127 481 1171 546 75

212 657 375 734 traditus,
403 654 559 737 pluribus
582 653 846 718 Flandrensinm
875 653 1092 736 aliorumque
1114 673 1171 718 oc·

213 759 309 834 cisis,
325 755 513 836 multisque
529 754 650 836 captis.
704 753 859 816 Barones
884 753 992 836 aliqui
1010 752 1171 817 Britones

213 864 251 920 et
272 855 479 931 Normanni,
501 854 613 935 captis
633 853 880 916 munitionibus
900 871 1016 916 eorum
1037 859 1073 917 et
1094 871 1170 916 cas-

215 955 309 1020 tellis
340 974 362 1018 a
390 972 471 1036 rege
505 952 649 1030 seniore,
678 951 722 1014 ad
756 970 896 1015 nemora
921 951 1169 1034 confugientes,

214 1063 328 1120 terras
367 1054 460 1134 regis
501 1069 596 1116 mora
631 1051 910 1117 latrocinantium
948 1051 1170 1116 infestabant.

215 1155 300 1218 Rex
331 1154 446 1218 senior
479 1151 603 1216 summi
635 1149 809 1233 pontificis
843 1149 1012 1214 auxilium
1049 1158 1172 1216 contra

214 1254 307 1317 filios
339 1251 539 1334 implorum,
574 1249 685 1315 eidam
717 1250 852 1314 litteras
883 1249 1023 1332 scripsit
1051 1249 1171 1333 hujus.

213 1352 309 1416 modi
325 1351 477 1416 tenoris:

267 1450 516 1516 ‘sanctissimo
533 1467 597 1512 sno
614 1446 752 1512 domino
769 1445 983 1528 Alexandro,
1001 1447 1073 1511 Dar
1091 1467 1170 1530 gra-
1183 1479 1305 1530 ming.

214 1550 267 1615 tia
285 1549 475 1614 Catholicae
490 1547 644 1614 ecclcsiae
659 1566 793 1610 summo
808 1547 976 1629 pontifici,
996 1547 1170 1613 Henricus
1182 1531 1319 1632 {i‘ssss‘ffl

216 1670 281 1714 rex
298 1648 504 1733 Anglorum,
521 1648 592 1711 dux
614 1646 839 1712 Normanniae
857 1654 893 1710 et
907 1645 1118 1730 Aquitanica,
1135 1655 1170 1712 ot
1181 1631 1324 1732 ffiffissil'

213 1768 331 1813 comes
347 1743 586 1830 ¹Andegaviae,
609 1746 755 1812 salntem
778 1754 814 1812 et
836 1747 971 1812 devotae
993 1748 1170 1812 servitutis
1182 1731 1317 1823 fflffif

214 1849 430 1932 obsequium.
483 1847 527 1912 In
551 1865 756 1929 magnorum
781 1845 1015 1912 discriminum
1041 1866 1169 1930 angus-

215 1950 288 2027 tiis,
306 1949 366 2013 ubi
388 1948 577 2015 domestica
600 1945 745 2012 consilia
772 1947 957 2011 remedium
980 1966 1050 2011 non
1072 1948 1170 2012 inve-

215 2049 329 2126 niunt,
352 2067 469 2113 eorum
487 2046 653 2128 suffragia
668 2046 906 2128 implorantur,
924 2066 1070 2129 quornm
1087 2065 1169 2129 pru·

216 2149 368 2212 dentiam
396 2149 432 2211 in
460 2147 641 2212 altioribus
673 2146 820 2228 negotiis
852 2147 1067 2229 experientia
1093 2146 1169 2210 dlu-

217 2248 352 2312 turnior
369 2247 585 2330 approbavit.
632 2246 751 2326 Longe
767 2245 905 2328 lateque
922 2246 1102 2327 divulgata
1116 2254 1171 2310 est

216 2366 371 2411 meorum
404 2347 552 2410 filiorum
582 2345 726 2422 malitia,
755 2364 842 2427 quos
871 2347 922 2409 ita
953 2345 990 2408 in
1025 2345 1169 2408 exitium

215 2447 327 2528 patris
356 2447 498 2528 spiritus
529 2445 722 2527 iniquitatis
742 2437 915 2521 armavit,
950 2451 990 2506 ut
1023 2444 1169 2526 gloriam

215 2552 378 2627 reputent
395 2553 430 2611 et
451 2544 662 2627 triumphum
685 2550 817 2627 patrem
840 2543 1013 2626 persequi,
1037 2550 1072 2607 et
1087 2543 1171 2607 filia-

147 2701 150 2708 ,
217 2644 269 2708 les
294 2644 437 2710 allectus
464 2645 499 2708 in
526 2644 684 2708 omnibus
713 2636 878 2708 'diffiteri
931 2641 1171 2707 Praeveniento

217 2763 372 2808 meorum
410 2743 586 2826 exigentia
626 2742 840 2817 delictorum,
879 2743 937 2805 ubi
984 2743 1170 2824 pleniorem

217 2844 434 2926 voluptatem
449 2843 644 2908 contulerat
657 2842 742 2905 mihi
765 2841 946 2917 Dominus,
963 2842 1011 2906 ibi
1028 2842 1171 2924 gravius

217 2962 273 3006 me
302 2942 478 3024 flagellat;
511 2950 547 3006 et
572 2941 665 3024 qnod
691 2942 765 3004 sine
794 2941 956 3023 lacrymis
981 2960 1050 3005 non
1081 2942 1170 3019 dico,

216 3050 341 3106 contra
368 3043 572 3124 sanguinem
597 3059 712 3104 meum
742 3047 778 3104 et
805 3041 938 3104 viscera
963 3059 1042 3105 mea
1065 3060 1172 3122 cogor

216 3141 334 3204 odium
365 3141 558 3205 immortale
590 3140 781 3222 concipere,
811 3147 847 3204 et
876 3146 1061 3204 extraneos
1088 3140 1172 3204 mihi

217 3259 372 3322 quaerere
395 3258 625 3315 successores,
649 3258 692 3302 ne
716 3238 851 3303 videam
875 3239 918 3304 de
943 3240 1073 3303 semine
1094 3259 1171 3304 meo

217 3339 395 3403 sedentem
421 3358 526 3421 super
556 3339 680 3402 solium
705 3357 830 3402 meum.
882 3337 974 3402 Illud
1004 3345 1172 3419 praeterea

217 3440 282 3502 sub
301 3439 439 3503 silentio
456 3438 604 3504 transire
622 3457 691 3500 non
704 3456 857 3520 possum,
874 3436 966 3519 quod
984 3437 1086 3500 amici
1105 3437 1173 3500 mei

216 3545 433 3602 recesserunt
472 3558 493 3602 a
530 3557 596 3614 me,
633 3543 668 3601 et
697 3536 875 3601 domestici
910 3537 978 3600 mei
1011 3543 1172 3618 quaerunt

214 3637 367 3700 animam
393 3656 516 3704 meam.
568 3637 626 3700 Sic
655 3637 745 3699 enim
772 3636 992 3701 familiarium
1020 3655 1172 3700 meorum

216 3735 350 3800 animos
373 3736 587 3801 clandestina
609 3736 802 3818 conjuratio
825 3736 1003 3811 toxicavit,
1027 3745 1065 3800 ut
1094 3755 1172 3818 per·

215 3835 300 3898 ditae
318 3829 570 3901 ³0bservati0ni
592 3836 858 3918 conspirationis
877 3837 1040 3900 universa
1064 3827 1173 3917 *post-

250 4034 380 4086 ”comes
391 4036 586 4098 Andegavansis
601 4040 627 4086 ct
639 4033 689 4086 (le-
750 4030 761 4063 ²
773 4035 831 4084 Cod.
839 4035 903 4096 Reg.
914 4029 1037 4096 (diferri)
1054 4034 1063 4061 ⁴
1074 4032 1173 4082 Diffite-

217 4103 409 4167 nomanensi23’
430 4107 566 4169 Batonius,
586 4107 640 4156 xix.
663 4120 688 4166 p.
715 4104 753 4154 ri'
764 4105 787 4154 is
798 4105 860 4154 from
872 4105 911 4155 Μ.
923 4105 972 4154 and
982 4103 1030 4154 Ar.

217 4179 267 4225 lua
273 4191 282 4239 ;
295 4176 346 4225 and
354 4177 448 4227 Petrus
457 4177 598 4242 Blesensis,
606 4177 655 4238 Ep.
663 4190 688 4237 p.
749 4171 947 4224 ⁸‘obstinationi
958 4169 975 4234 ;'
998 4169 1083 4223 D'A.:
1108 4173 1173 4222 ‘ob-

221 4249 280 4309 lae,
292 4245 333 4296 ed.
346 4250 419 4298 1519.
715 4245 849 4294 servantia
858 4240 874 4303 3'
887 4245 980 4294 Baton.

750 4312 761 4344 ⁴
771 4314 779 4342 ‘
790 4313 959 4363 Praehabcant
967 4311 985 4374 ς’
997 4311 1044 4361 Ar.
