3226 5020
265 679 300 719 all
309 680 366 719 lawa

265 740 301 768 are
310 729 406 779 expelled

265 780 320 818 rrum

267 829 372 879 Enssland.

265 1278 311 1316 Tira
319 1278 377 1318 third

264 1332 355 1369 statute·

265 1379 288 1416 ol
296 1378 364 1418 Wan-

265 1428 361 1469 minster.

263 1877 333 1916 Dealh
342 1877 367 1916 oi

263 1927 384 1967 Alexander

264 1978 317 2024 alna
325 1977 349 2015 ol

264 2027 369 2066 scotland.

265 2724 392 2771 ruaoeaalon,

263 3270 305 3309 and
314 3269 371 3318 ship-

263 3320 334 3359 νηοὶ
342 3320 367 3358 ot

261 3370 299 3410 tha
309 3369 367 3408 Maid
376 3371 400 3409 ot

262 3419 360 3470 Not-way.

427 485 493 552 316
793 503 868 552 uro.
882 501 1030 550 rn1vnr1

429 680 490 724 nes
515 660 635 725 eodem
658 681 750 726 anuo
772 662 950 746 expellens
974 662 1017 725 de
1034 659 1177 743 Anglia,
1193 654 1301 725 ¹datis
1319 679 1380 726 ex·

428 761 545 843 pensis
570 761 606 824 iu
629 759 778 839 Gallias,
804 765 895 827 bona
920 780 1039 826 eorum
1061 761 1194 843 reliqua
1216 761 1379 825 confisca-

428 859 491 924 vit.
544 858 684 925 Auditis
710 868 826 926 autem
855 860 1076 944 querimoniis
1102 880 1233 938 eorum,
1255 861 1314 943 qui
1337 860 1379 924 de

427 958 521 1042 regis
553 961 718 1025 ministris
740 962 904 1045 conqueri
931 961 1105 1038 volebant,
1134 981 1197 1024 rex
1219 961 1378 1025 omnibus

428 1060 594 1122 exhibens
621 1060 809 1144 justitiam,
835 1061 1047 1145 justitiarios
1078 1059 1149 1124 sere
1183 1079 1302 1124 omnes
1333 1059 1377 1125 de

428 1155 581 1223 falsitate
609 1161 840 1243 deprehensos
863 1181 884 1225 a
906 1179 970 1225 suo
989 1159 1101 1224 officio
1127 1159 1299 1241 deposuit,
1324 1160 1376 1242 ip·

428 1277 486 1322 sos
504 1259 611 1342 juxta
633 1260 800 1325 demerita
822 1261 969 1342 puniens
999 1261 1100 1341 gravi
1121 1255 1255 1323 multa.²
1310 1258 1377 1322 Te-

427 1359 503 1423 nuit
529 1359 595 1423 hoc
617 1379 709 1424 anno
736 1380 798 1423 rex
821 1360 1087 1442 parliamentum
1113 1358 1314 1435 Londoniis,
1339 1360 1375 1422 in

427 1477 496 1541 quo
520 1459 614 1523 edita
636 1465 717 1523 sunt
739 1467 873 1524 statuta
896 1479 975 1542 quae
1004 1460 1164 1522 dicuntur
1180 1459 1373 1523 ‘Westmo

426 1559 570 1622 nasterii
603 1557 741 1638 tertia'3
776 1561 812 1623 iu
843 1579 913 1641 quo
935 1558 1040 1622 etiam
1074 1577 1137 1640 pro
1171 1558 1374 1640 expulsione

426 1656 450 1720 J
453 1658 628 1721 udaeorum
656 1678 821 1723 concessa
851 1667 905 1724 est
939 1659 1013 1740 regi
1045 1677 1067 1721 a
1098 1657 1226 1740 populo
1253 1656 1375 1739 quinta

426 1757 558 1821 decima
573 1777 655 1839 pars
671 1760 849 1822 bonorum.

439 1872 441 1878 ’
476 1854 648 1937 Tempore
682 1856 984 1940 Quadragesimali
1015 1855 1119 1940 hujus
1163 1854 1256 1931 anni,
1294 1873 1373 1918 cum

427 1953 628 2019 Alexander
657 1955 839 2021 Scotorum
865 1977 928 2020 rex
956 1975 1100 2020 uxorem
1130 1973 1241 2031 suam,
1266 1953 1373 2018 filiam

426 2054 560 2118 comitis
578 2054 763 2132 Flandriae‚
781 2075 885 2138 quam
908 2063 987 2138 post
1005 2053 1241 2135 Margaretam
1265 2053 1372 2115 filiam

426 2154 518 2235 regis
544 2152 681 2236 Angliea
704 2154 864 2232 duxerat,
894 2162 993 2219 nocte
1016 2153 1166 2236 quadam
1188 2151 1372 2217 admodum

425 2245 589 2317 obscura
616 2249 757 2318 visitare
792 2253 985 2331 ¹voluisset,
1015 2247 1241 2335 .³cespitante
1283 2270 1373 2334 equo

426 2352 556 2435 lapsura,
582 2360 617 2417 et
641 2354 782 2418 collisus
800 2354 964 2434 graviter,
985 2352 1205 2434 exspiravit:
1240 2349 1310 2414 Hic
1330 2351 1373 2414 de

425 2453 578 2516 secunda
609 2472 720 2517 uxore
750 2452 891 2529 nullam,
921 2452 963 2514 de
992 2452 1105 2534 prima
1131 2469 1214 2516 vero
1242 2450 1372 2532 prolem

425 2552 610 2633 geminam,
637 2552 744 2616 filium
771 2552 902 2616 scilicet
928 2549 1179 2626 Alexandrum,
1210 2557 1245 2614 et
1266 2550 1370 2614 filiam

263 2674 404 2713 neesson
425 2651 545 2731 genuit
578 2652 715 2715 nomine
747 2651 997 2732 Margaretam.
1061 2648 1263 2713 Alexander
1293 2650 1373 2713 abs-

425 2769 492 2832 que
521 2750 617 2832 prole
647 2759 781 2832 patrem
818 2752 1002 2813 immatura
1036 2756 1145 2813 morte
1179 2748 1372 2831 praevenit3

424 2848 496 2912 filia
526 2849 730 2930 Margareta
757 2849 831 2930 regi
859 2849 894 2913 N
897 2849 1057 2930 orwegiae
1084 2848 1306 2930 desponsata,
1333 2848 1374 2911 fi·

424 2946 506 3010 liam
530 2948 667 3010 unicam
693 2950 826 3031 peperit
852 2949 990 3013 nomine
1016 2949 1265 3029 Margaretam,
1293 2967 1371 3030 quac

424 3047 528 3109 matri
550 3046 626 3129 jam
647 3055 793 3111 mortuae
819 3048 1022 3130 supervixit.
1077 3047 1194 3124 Hauc,
1212 3049 1372 3112 consulto

425 3164 506 3226 rege
529 3144 680 3228 Angliae,
710 3155 890 3227 magnates
916 3147 1044 3211 Scotiae
1072 3147 1171 3228 regni
1196 3146 1289 3210 illius
1317 3168 1370 3211 re·

423 3255 660 3326 cognoverunt
682 3245 860 3326 heredem3
894 3266 972 3328 quaa
995 3248 1163 3310 accersita
1193 3266 1256 3329 per
1282 3266 1369 3310 nun-

425 3345 491 3408 tios
515 3347 608 3427 regis
634 3345 786 3428 Angliae,
814 3365 892 3410 cum
918 3365 980 3429 per
1009 3346 1185 3427 navigium
1215 3346 1371 3410 tenderet

422 3443 458 3506 in
490 3443 655 3522 Scotiam,
684 3446 857 3510 infirmata
889 3447 926 3509 iu
959 3446 1058 3524 mari,
1091 3445 1182 3528 apud
1216 3445 1370 3509 Orcades

421 3543 555 3612 insulas
569 3552 623 3608 est
640 3544 814 3609 defuncta.
860 3603 863 3610 ,

457 3776 465 3807 ¹
482 3779 567 3828 ‘datis
590 3780 709 3840 expensis
727 3778 760 3828 ad
782 3782 880 3828 transe
903 3777 953 3826 and
970 3777 996 3826 in
1012 3779 1152 3838 particular
1167 3779 1252 3827 ottho
1268 3793 1370 3841 escape,

420 3850 516 3899 undum
528 3850 555 3898 in
567 3849 667 3899 Gallias
677 3849 694 3909 ;'
711 3844 881 3897 D’Acherine’
904 3848 1003 3909 refuge,
1013 3849 1064 3896 and
1071 3854 1175 3910 capture
1183 3848 1212 3896 ot
1218 3849 1329 3898 Thomas
1337 3850 1369 3898 de

419 3919 545 3980 proposed
556 3919 730 3968 amendment:
746 3918 829 3968 ‘datis
837 3933 881 3966 ex·
905 3918 1054 3980 Weylondo,
1064 3918 1107 3967 the
1118 3918 1336 3982 chiefjusticiary,
1343 3920 1369 3967 in

419 3988 649 4047 pensisinGalliis
660 3983 674 4049 ;'
686 3988 724 4035 M.
750 3987 881 4035 Seeaiull
906 3987 999 4036 Dnnst.
1013 4003 1039 4048 p.
1051 3991 1110 4038 574.

419 4062 528 4106 account
554 4058 583 4106 of
602 4058 653 4106 this
678 4057 833 4106 transaction
855 4056 881 4105 in

420 4125 587 4187 Hemingiord
597 4141 612 4175 a
624 4128 735 4184 licetne,
746 4141 773 4186 p.
787 4129 826 4176 19.
941 4123 951 4154 ³
967 4126 1145 4186 ‘conspicante
1160 4121 1177 4186 3'
1195 4127 1232 4174 M.
1244 4127 1294 4174 and
1312 4126 1369 4188 Aa,

455 4193 530 4244 ²See
549 4209 565 4243 a
585 4195 633 4244 tull
652 4201 760 4244 account
778 4196 807 4244 of
823 4195 883 4258 thia,
907 4196 952 4245 but
962 4196 1071 4245 without
1082 4210 1164 4245 sense.
