3252 5026
604 539 787 589 nuunnss.
1109 522 1175 586 185

220 741 294 798 rex,
321 729 513 804 convocata
545 715 755 787 ¹Suessionis
783 723 948 787 concione
980 741 1173 805 procerum,
1187 732 1241 830 ἔζεε
1243 730 1325 820 {3331

220 830 371 885 tractare
396 823 502 904 coepit
530 823 573 886 de
598 823 853 888 transfretando
878 824 913 886 in
934 822 1101 905 Angliam
1129 822 1173 886 ad
1187 832 1319 922 mita,

219 921 415 986 bellandum
449 942 564 1004 regem
600 923 623 987 J
626 943 797 1004 oannem3
825 923 918 1006 quod
947 924 1022 1007 ipse
1053 917 1293 987 ²titulounnanc1-

216 1022 377 1105 justitiae,
393 1042 434 1086 eo
450 1023 543 1105 quod
563 1031 656 1087 esset
675 1024 811 1088 rebellis
829 1025 996 1101 ecclesiae,
1011 1031 1046 1088 et
1063 1043 1085 1086 a
1102 1023 1175 1086 suis

170 1195 172 1200 ¹
222 1121 301 1185 odio
332 1122 483 1199 habitus
515 1123 704 1189 colorabat.
763 1125 842 1188 Rex
873 1134 989 1188 autem
1019 1123 1042 1187 J
1046 1142 1175 1187 oannes

222 1222 340 1288 eodem
367 1241 458 1287 anno
488 1225 677 1288 exercitum
709 1224 809 1288 duxit
834 1225 870 1287 in
898 1224 1075 1300 Walliam,
1104 1217 1175 1287 ³re·

222 1323 419 1404 pressisque
457 1322 685 1388 Wallensium
728 1324 934 1402 incursibus,
978 1323 1175 1400 revertitur,

222 1423 315 1487 circa
335 1422 460 1486 festum
485 1423 741 1506 Assumptionis
764 1423 921 1505 Virginis
945 1424 1119 1506 gloriosae,
1139 1424 1176 1486 in
1381 1507 1383 1512 Ι

221 1521 399 1603 Angliam.
453 1523 581 1587 Eodem
606 1533 760 1606 tempore
780 1533 959 1606 coeperunt
985 1526 1131 1588 barones
1155 1531 1321 1632 afffflfl'

223 1641 304 1702 rege
319 1621 343 1685 J
346 1642 457 1688 oanne
475 1623 632 1702 deficere,
651 1624 906 1708 praetendentes
927 1624 1105 1688 libertates
1127 1623 1176 1687 eis
1190 1631 1321 1722 ffltfrom

223 1721 357 1787 debitas
377 1725 517 1788 minime
533 1725 729 1788 conservari
744 1745 752 1803 ;
777 1723 819 1788 de
837 1725 962 1807 quibus
979 1744 1041 1807 per
1060 1743 1175 1804 regem
1249 1710 1254 1721 ⁸

224 1824 293 1886 acti
324 1831 407 1887 sunt
435 1825 471 1887 in
503 1825 663 1890 exsilium
692 1825 868 1890 Robertus
894 1825 987 1888 filius
1016 1823 1177 1900 Walteri,

225 1930 260 1986 et
283 1921 479 2005 Stephanus
504 1925 620 2002 Ridel,
645 1926 706 2008 qui
733 1926 769 1988 in
792 1924 918 1991 Galliis
943 1925 1177 1988 morabantur.

225 2021 403 2088 Galfridus
421 2044 502 2088 vero
520 2025 562 2088 de
581 2025 744 2089 Norwioo
761 2025 853 2108 apud
871 2025 1087 2106 Notingham
1104 2042 1179 2087 car-

226 2124 294 2185 ceri
310 2124 537 2207 mancipatur.
580 2125 630 2189 Hi
644 2132 714 2188 tres
732 2126 917 2189 creduntur
935 2124 1042 2189 fuisse
1058 2131 1179 2188 contra

226 2242 341 2304 regern
355 2225 527 2306 capitanei
540 2224 709 2292 factionis,

278 2322 359 2388 Hoc
376 2344 468 2388 anno
485 2325 608 2389 beatus
634 2325 853 2402 Franciscus,
876 2324 1015 2388 natione
1031 2325 1177 2400 Tuscus,
1192 2333 1344 2423 gpgffih

228 2423 269 2486 de
295 2425 436 2488 civitate
464 2423 603 2502 Assisii,
632 2432 713 2508 post
738 2425 916 2488 lasciviam
936 2423 1102 2506 juvenilis
1125 2444 1180 2487 ar·
1193 2433 1338 2480 ottanum,

228 2523 320 2586 doris
338 2533 373 2588 et
390 2527 606 2606 negotiorum
626 2525 843 2604 saecularium
861 2525 1047 2602 vanitates,
1066 2533 1181 2588 mente

228 2633 452 2706 compunctus
477 2626 573 2700 abiit,
599 2632 634 2689 et
658 2625 807 2689 venditis
827 2625 997 2704 universis
1020 2644 1098 2718 quae
1121 2624 1183 2688 ha-

228 2723 313 2800 buit,
338 2726 517 2806 pecuniam
541 2723 677 2790 cuidam
701 2725 744 2789 ad
771 2725 924 2789 ecelesiae
948 2744 1021 2794 suae
1043 2743 1183 2808 repara-

228 2825 355 2887 tionem
387 2825 513 2889 obtulit
546 2825 739 2906 sacerdoti;
781 2845 886 2907 quam
917 2844 992 2889 cum
1024 2825 1083 2888 ille
1112 2817 1182 2888 4re-

228 2932 348 2989 nueret
368 2925 543 3009 abjiciens,
571 2924 735 2990 Cnnrsro
765 2926 802 2988 iu
829 2933 1034 3008 paupertate
1060 2925 1182 2990 volun·

230 3025 319 3088 taria
333 3027 461 3089 servire
479 3025 643 3090 decrevit.
684 3023 741 3089 Ab
756 3026 822 3089 hoc
839 3045 929 3090 anno
947 3026 1181 3106 conversionis
1194 3027 1312 3119 fflffiff·

230 3123 321 3188 beati
339 3125 516 3189 Francisci
540 3127 714 3190 institutio
732 3126 861 3190 ordinis
881 3126 1042 3192 Fratrum
1066 3125 1181 3190 Mino·
1194 3130 1289 3220 ἓξὲξ(

232 3243 316 3301 rum,
356 3225 455 3309 cujus
495 3227 571 3308 ipse
607 3226 770 3290 fundator
809 3227 944 3290 exstitit
984 3227 1182 3309 primusque
1195 3231 1272 3270 M11101·

231 3325 397 3402 minister,
420 3326 540 3409 incipit
564 3327 736 3391 annotari.
788 3320 982 3407 ⁵Malgerus
1008 3326 1183 3408 Wigorni-

228 3425 322 3488 ensis
340 3425 431 3508 apud
448 3424 690 3492 Pontiniacum
707 3425 803 3490 obiit.

270 3653 276 3682 ¹
292 3654 477 3704 ‘successionis
488 3655 624 3706 intentione
631 3655 647 3716 ;'
654 3656 692 3706 M.
755 3653 765 3682 ⁴
781 3655 936 3704 ‘removeret
943 3650 958 3715 ς’
971 3649 1038 3706 D’A.

230 3729 255 3773 et
265 3724 313 3774 Art
754 3721 764 3752 ⁵
782 3725 824 3773 He
835 3724 884 3774 and
900 3724 942 3774 the
956 3726 1060 3788 bishops
1074 3725 1104 3774 of
1117 3727 1183 3776 Ien-

265 3825 276 3854 ⁹
290 3828 298 3856 ‘
311 3842 356 3890 ⁸1²0
380 3828 489 3890 justifiae
512 3830 580 3891 quod
602 3833 670 3878 esset
679 3821 693 3891 ς’
719 3795 770 3842 (¹⁰¹¹
788 3795 838 3843 'md
854 3796 904 3856 ΕῙῚ
914 3811 982 3844 we
997 3796 1039 3845 ffie
1055 3797 1125 3846 three
1139 3813 1184 3860 aP·

119 3867 122 3874 '
164 3913 167 3920 .
232 3898 280 3948 Ar·
720 3865 822 3926 pointed
842 3866 874 3926 by
894 3866 936 3914 the
952 3881 1018 3929 pope
1036 3871 1063 3916 to
1080 3867 1183 3929 publish

720 3935 762 3984 the
790 3936 927 3997 interdict3
956 3952 1043 4001 supra,
1065 3938 1099 3986 ad
1124 3953 1183 3988 ann.

266 3997 277 4031 ³
292 4001 456 4063 ‘pressisque
465 3997 481 4062 ς’
493 4003 532 4053 Μ.
544 4007 569 4052 et
579 4003 626 4054 Ar.
722 4009 795 4055 1208.
