3170 5020
275 650 366 691 Eduard

274 700 335 739 holda
343 711 356 740 a

271 751 399 800 parliameut

273 805 295 841 rt
305 801 335 840 st.
345 801 386 840 Ed-

273 851 366 898 mnnd'r,

275 901 330 941 Ner.
337 903 348 940 8
355 913 361 948 ;

273 1649 316 1688 aud
324 1649 413 1689 another

273 1705 295 1738 at
304 1699 399 1748 London,

273 1750 322 1789 Jau.
333 1751 364 1792 14.

273 2047 344 2088 Death
353 2047 378 2087 ol

274 2099 304 2137 st.
312 2099 375 2137 Peter

273 2149 385 2189 celestino.

434 465 501 532 352
796 485 869 533 mc.
892 483 1039 533 rnrvnrr

435 659 515 705 cum
540 661 621 725 rege
641 641 797 707 Franelae
816 641 981 707 finiretur.
1034 643 1115 707 Rex
1133 621 1284 725 Angliae,
1307 664 1389 727 pro·

435 739 546 806 fectus
577 743 613 805 in
646 740 822 824 Angliam,
853 743 946 825 apud
974 743 1010 807 S.
1040 742 1280 806 Eadmundum
1311 764 1389 827 par·

435 840 635 906 liamentum
661 843 773 907 tenuit
793 844 829 907 in
852 842 1003 907 crastino
1021 842 1238 920 Animarum,
1260 845 1297 906 in
1318 864 1388 926 quo

436 959 458 1004 a
473 942 674 1006 civitatibus
689 948 725 1007 et
746 941 866 1024 burgis
890 961 1055 1006 concessa
1082 949 1136 1006 est
1153 943 1226 1024 regi
1249 951 1385 1021 octava,

435 1059 457 1103 a
477 1042 606 1123 populo
627 1061 710 1106 varo
729 1042 863 1125 reliquo
886 1041 1089 1106 duodecima
1105 1061 1185 1124 pars
1206 1044 1384 1112 bonorum.

437 1139 560 1205 Clarus
589 1142 633 1205 ob
658 1135 958 1206 ¹coustituti0nem
987 1142 1157 1206 Bonisacii
1190 1162 1289 1225 papae
1320 1143 1386 1207 hoc

435 1259 527 1305 anno
555 1241 696 1317 editam,
726 1261 805 1325 qnae
836 1241 995 1323 prohibet
1019 1243 1084 1305 sub
1114 1262 1219 1324 poena
1246 1263 1385 1307 excom-

435 1341 690 1418 municationiS,
723 1361 766 1405 ne
800 1340 906 1405 talliae
935 1341 991 1406 vel
1016 1343 1217 1406 exactiones
1246 1362 1267 1406 a
1293 1343 1386 1407 clero

435 1459 497 1522 per
526 1441 709 1505 saeculares
737 1441 910 1525 principes
938 1459 1156 1524 quocumque
1182 1441 1284 1506 modo
1311 1444 1385 1507 exi-

436 1549 576 1622 gantur,
599 1541 654 1606 vel
676 1541 727 1605 eis
746 1541 927 1605 solvantur
946 1541 989 1605 de
1005 1543 1107 1605 rebus
1127 1542 1294 1619 ecclesiae,
1312 1543 1385 1624 regi

436 1634 513 1723 ²pro
536 1660 664 1723 guerra
687 1641 819 1723 petenti
842 1640 1032 1704 subsidium
1055 1640 1251 1722 denegavit.
1303 1642 1384 1708 Rex

437 1746 567 1818 autem,
584 1750 623 1805 nt
643 1741 686 1806 de
708 1741 842 1805 meliori
864 1759 1030 1823 responso
1043 1742 1260 1819 deliberaret,
1280 1762 1386 1824 nego·

437 1839 524 1903 tium
563 1840 598 1902 in
631 1841 725 1903 aliud
761 1840 1027 1923 parliamentum
1067 1841 1251 1905 tenendum
1291 1841 1385 1907 Lon·

436 1939 550 2004 doniis
566 1941 602 2003 in
620 1941 770 2005 crastino
787 1940 824 2004 S.
842 1939 974 2004 Hilarii
990 1939 1135 2005 distulit.

488 2040 612 2104 Frater
644 2038 770 2104 Petrus
804 2041 847 2104 de
875 2040 1054 2119 Murrone,
1086 2042 1259 2123 quondam
1294 2061 1384 2125 papa

437 2138 661 2218 Ocelestinus,
692 2160 754 2223 per
781 2140 997 2205 Bonisacium
1027 2160 1154 2224 papam
1185 2149 1321 2224 captae,
1349 2149 1385 2206 et

435 2239 471 2303 in
492 2246 570 2304 arta
591 2240 752 2306 detentus
777 2240 946 2317 custodia,
969 2239 1088 2304 eadem
1113 2249 1247 2319 aestate,
1271 2242 1386 2306 soluto

436 2341 617 2421 praesentis
653 2340 735 2405 vitre
774 2340 963 2421 ergastulo,
1003 2340 1046 2404 ad
1086 2341 1242 2405 coelestia
1277 2360 1386 2423 regna

436 2439 611 2522 migravit.
665 2441 745 2504 Filii
769 2440 945 2518 Blauehae,
965 2440 1084 2504 uxoris
1108 2442 1282 2524 quondam
1302 2441 1386 2505 Fer·

437 2540 548 2617 randi,
571 2535 705 2605 heredis
733 2541 831 2622 regni
855 2539 1030 2617 Castellae,
1052 2538 1217 2606 Alfonsus
1243 2549 1278 2606 et
1304 2542 1387 2605 Fer-

437 2640 578 2717 randus,
607 2640 726 2704 audita
752 2647 863 2704 morte
897 2641 1013 2723 patrui
1043 2640 1097 2703 sui
1128 2641 1280 2719 ὃαιιοῐίἰ,ι
1299 2641 1385 2705 His-

437 2741 560 2821 panias
599 2746 742 2822 petunt3
787 2746 822 2804 et
873 2739 1110 2804 confoederato
1147 2740 1213 2804 sibi
1250 2740 1274 2805 J
1277 2743 1385 2806 acobo

438 2857 519 2920 rege
552 2838 740 2920 Aragoniae
772 2859 916 2921 regnum
943 2838 1158 2921 Legionense
1186 2841 1385 2924 adquirunt,

437 2938 530 3019 quod
549 2936 718 3002 Alfousus
741 2939 990 3022 primogenitus
1014 2950 1138 3029 patruo
1162 2959 1226 3004 suo
1243 2941 1386 3018 Joanni,

436 3037 497 3119 qui
529 3038 565 3100 in
598 3037 674 3122 ejus
707 3039 874 3103 auxilium
904 3045 1057 3116 venerat,
1086 3041 1244 3117 contulit,
1275 3048 1314 3105 ut
1341 3040 1384 3104 de

437 3155 475 3201 se
497 3144 629 3202 teneret
655 3137 691 3200 in
714 3137 862 3202 feodum.
914 3136 1030 3203 Guido
1057 3158 1171 3203 comes
1196 3139 1386 3204 Flandren·

437 3237 499 3314 sis,
526 3237 645 3301 multis
671 3256 693 3300 a
719 3258 801 3319 rege
834 3239 1046 3303 Francorum
1079 3239 1215 3322 injuriis
1245 3241 1386 3305 lacessi·

438 3344 506 3414 tus,
536 3336 775 3401 confoederans
805 3357 844 3401 se
878 3339 952 3419 regi
983 3337 1188 3419 Anglorum,
1221 3338 1386 3422 homagio

435 3437 527 3518 regis
552 3437 762 3501 Francorum
781 3437 993 3502 renuntiavit
1019 3456 1081 3520 per
1098 3439 1239 3504 nuntios
1258 3439 1303 3504 ad
1320 3440 1386 3505 hoc
1415 3481 1416 3485 =

436 3537 572 3600 missos.

481 3637 574 3702 Urbs
608 3635 760 3719 Apamia
792 3637 967 3719 proprium
1005 3639 1135 3722 recepit
1172 3639 1386 3722 episcopum,

436 3736 677 3819 aTholosano
704 3736 907 3820 episcopatu
927 3755 989 3819 per
1012 3757 1138 3822 papam
1168 3738 1385 3803 Bonisacium

435 3844 618 3918 separata3
649 3836 708 3900 sed
736 3837 805 3900 cito
831 3843 910 3918 post
941 3835 1150 3916 Lodovicus,
1179 3838 1271 3903 filius
1294 3839 1385 3921 regis

436 3935 576 4013 Siciliae,
608 3937 791 4018 episcopus
813 3929 1027 4025 ³[Tholoeae]
1054 3938 1180 4013 factus,
1208 3939 1386 4022 episcopa-

471 4130 480 4164 ¹
498 4133 546 4184 See
567 4135 628 4197 thie,
646 4134 765 4188 intituled
791 4135 799 4162 ‘
811 4135 898 4185 Litera
958 4135 968 4166 ¹
984 4139 1046 4202 ‘pro
1059 4141 1156 4202 guerris
1166 4134 1241 4200 suis?
1254 4139 1294 4190 M.
1304 4144 1329 4190 et
1339 4140 1387 4192 Ar.

435 4217 511 4264 papae
523 4217 599 4266 super
616 4205 731 4253 libertate
748 4205 898 4256 universalis

435 4268 568 4336 eccleeiae,‘
581 4274 607 4322 in
619 4273 697 4324 Hem.
706 4289 734 4336 p.
745 4278 801 4326 1⁰4.
959 4273 970 4306 ³
987 4274 1073 4328 Hnll’e
1085 4280 1258 4332 emendation.
