3252 5026
615 475 797 523 Anninus.
1113 458 1179 524 195
1247 525 1250 529 ,

227 637 269 699 de
283 655 452 700 consensu
477 637 631 719 capituli,
646 638 748 701 beato
765 637 947 701 Dominico
963 645 998 701 et
1015 639 1099 714 suia,
1118 641 1177 721 qui

221 736 295 819 jam
330 737 482 799 moribus
510 737 748 818 religiosorum
781 757 819 800 sc
845 747 1023 819 coeperant
1045 737 1177 803 confor-

227 855 333 912 mare,
351 836 457 913 dedit,
476 836 520 900 ad
540 837 645 900 libros
660 844 695 900 et
711 837 780 901 alia
795 838 1011 901 necessaria:
1035 857 1178 920 sperans

228 955 265 998 se
287 937 330 1000 de
348 936 398 999 eis
419 936 615 999 habiturum
636 937 755 1001 fideles
777 937 857 1002 fidei
883 938 1017 1019 pugiles
1040 939 1084 1000 ad
1106 938 1177 1000 hae·

228 1055 321 1099 reses
348 1036 582 1119 extirpandas.
641 1036 728 1101 Cum
762 1036 827 1100 hoc
861 1038 1023 1120 episcopo
1054 1039 1178 1102 beatus
1191 1045 1345 1138 fffhggqngvgl

230 1135 434 1199 Dominicus
455 1135 637 1200 concilium
655 1137 741 1200 adiit
759 1136 1004 1215 Lateranense,
1022 1144 1062 1200 ut
1080 1131 1179 1202 ¹con-

229 1235 454 1300 firmationem
478 1235 607 1299 ordinis
630 1255 652 1299 a
674 1255 807 1300 summo
831 1237 993 1318 pontifice
1016 1237 1180 1320 impetra·

229 1342 292 1412 ret,
313 1335 373 1417 qui
399 1334 670 1400 Praedicatorum
696 1336 867 1400 diceretur
895 1342 930 1399 et
957 1343 1060 1400 esset.
1113 1336 1180 1400 Sed

230 1453 307 1498 cum
330 1453 422 1518 papa
441 1454 546 1518 super
566 1436 632 1499 bac
654 1436 821 1519 petitione
850 1434 1007 1500 redderet
1035 1454 1072 1499 se
1096 1434 1181 1498 diffi-

230 1534 342 1612 cilem,
374 1535 486 1599 visum
519 1541 573 1598 est
605 1537 636 1598 ei
667 1541 768 1599 nocte
795 1536 956 1617 quadam,
984 1535 1076 1617 quod
1104 1554 1181 1599 oum

231 1634 475 1698 lateranensis
498 1634 644 1698 ecclesia
667 1636 856 1699 minaretur
884 1636 1032 1713 ruinam,
1060 1636 1181 1699 beatus

232 1733 433 1798 Dominicus
461 1734 640 1798 cadentem
669 1734 820 1799 humeris
850 1736 1071 1812 sustentavit,
1100 1743 1135 1799 et
1160 1755 1182 1800 a
1240 1747 1241 1750 ’

231 1833 331 1916 lapsu
357 1833 521 1909 cohibuit,
545 1853 621 1898 cam
651 1834 687 1896 in
718 1842 813 1900 statu
845 1835 960 1898 debito
986 1834 1182 1912 detinendo,

230 1952 300 2015 qua
325 1932 456 1997 visione
482 1933 668 1998 inclinatus
698 1942 752 1998 est
781 1934 825 2000 ad
855 1935 932 2011 hoc,
960 1942 999 1998 ut
1029 1935 1181 1999 ordinem

230 2033 468 2112 confirmaret;
503 2033 750 2117 mandavitque
779 2035 882 2099 beato
916 2035 1108 2112 Dominico‚
1142 2040 1181 2098 ut

230 2132 274 2194 ad
300 2132 424 2196 fratres
455 2151 537 2197 suos
565 2134 712 2211 rediens,
741 2134 783 2197 de
809 2153 926 2197 eorum
955 2153 1099 2198 assensu
1130 2153 1182 2197 re-

231 2231 349 2313 gulam
365 2232 517 2314 aliquam
534 2233 676 2316 eligeret
693 2231 946 2317 approbatam.²

246 2433 271 2467 D.
285 2434 310 2468 N.
322 2433 342 2468 J.
352 2434 374 2468 0.
463 2433 486 2469 P.
499 2433 662 2468 Romanorum
675 2434 700 2470 R.
801 2433 954 2468 tunuoonum
1009 2433 1149 2470 ANGLORUM

984 2488 1174 2498 --..—..

255 2519 360 2554 uccxvl.
385 2521 532 2556 innocuum
545 2505 729 2637 nnleaubfflttcl
741 2520 760 2556 11
798 2520 910 2558 PHILIPPI
925 2521 956 2559 11.
1026 2521 1128 2556 JOANNIS

469 2581 508 2626 18.
672 2582 695 2626 5.
855 2581 895 2626 35.
1056 2581 1096 2626 17.

283 2727 536 2791 quoonuvius
567 2747 670 2810 papa,
699 2747 775 2791 cum
809 2730 898 2793 inter
927 2727 1122 2794 Januenses
1148 2735 1299 2792 etue-ua

234 2827 394 2902 PisanoS,
417 2846 480 2909 pro
502 2828 728 2892 subventione
748 2827 867 2892 Terrae
889 2828 1039 2906 Sanctae,
1063 2849 1182 2911 pacem
1195 2797 1320 2887 ffiffliff'

235 2927 428 2992 intenderet
443 2925 639 3002 reformare,
655 2919 708 2989 ³in
723 2928 846 2991 itinere
860 2928 1068 2992 constitutus
1084 2929 1183 2992 mori-

235 3035 291 3091 tur
310 3025 457 3104 Perusii,
480 3046 558 3090 curn
577 3027 721 3091 sedisset
738 3029 837 3091 annis
857 3028 973 3092 decem
990 3036 1025 3092 et
1041 3037 1185 3112 septem,

234 3127 407 3190 mensibus
437 3132 599 3208 quatuor,
628 3127 747 3190 diebus
776 3129 900 3209 viginti
929 3128 1050 3204 tribus,
1084 3136 1120 3193 et
1148 3130 1185 3191 in

235 3225 380 3289 ecclesia
402 3225 436 3288 S.
457 3226 635 3290 Laurentii
657 3227 858 3291 tumulatur.
911 3227 982 3291 Hic
1003 3228 1093 3290 inter
1117 3226 1187 3290 alia

235 3325 316 3389 fecit
339 3325 526 3408 Hospitale
549 3325 697 3408 Spiritus
720 3326 851 3403 Sancti,
874 3332 910 3389 et
927 3326 1106 3389 renovavit
1133 3345 1186 3390 ec-

236 3425 376 3488 clesiam
403 3424 439 3488 S.
455 3425 569 3505 Sixti;
604 3427 798 3508 composuit
828 3433 863 3490 et
887 3425 1088 3502 decretales,
1114 3444 1186 3488 ser·

235 3543 365 3600 monae,
389 3523 581 3606 librumque
609 3526 651 3587 de
677 3527 803 3589 misera
825 3525 1021 3589 conditione
1045 3525 1185 3588 humaui

235 3624 384 3705 generis,
406 3631 441 3688 et
463 3625 573 3687 multa
596 3625 665 3688 alia
687 3624 850 3706 gloriosa.
902 3624 992 3688 Item
1006 3624 1101 3688 dedit
1117 3625 1187 3688 sin·

236 3723 327 3804 gulis
342 3723 494 3787 ecclesiis
510 3724 545 3788 in
565 3724 679 3788 Roma
695 3743 799 3789 unam
815 3725 937 3788 libram
954 3724 1103 3807 argenti,
1125 3744 1188 3808 pro

201 3997 203 4001 .
272 3952 279 3980 ¹
298 3953 307 3982 ‘
314 3954 501 4002 affirmationem
512 3949 527 4012 ;'
539 3954 578 4003 M.
590 3958 614 4003 et
624 3952 672 4004 Ar.
726 3955 861 4017 Humbart,
873 3955 943 4018 apud
955 3955 1048 4008 Quetif
1059 3958 1109 4006 and
1121 3958 1189 4007 Ecb-

270 4021 281 4053 ⁹
298 4024 344 4073 See
353 4023 502 4073 theTabula
514 4023 700 4088 chronologica
725 4025 779 4088 ard,
791 4027 832 4075 De
844 4027 936 4088 Script.
949 4025 1012 4076 Ord.
1024 4027 1101 4079 Pred.

236 4094 357 4142 Actorum
386 4093 433 4143 Sti.
452 4093 590 4154 Dominici,
617 4095 636 4143 i.
658 4098 700 4156 84,

236 4164 299 4212 with
316 4164 359 4212 the
376 4167 567 4225 contemporary
582 4164 658 4212 Lives
674 4164 703 4212 of
758 4161 830 4212 8‘in
848 4165 936 4215 itinera
955 4166 1050 4215 adhoc
1068 4169 1188 4218 constitu·

237 4233 278 4281 the
301 4233 382 4300 saint,
408 4234 443 4294 by
467 4235 498 4283 B.
524 4234 621 4283 Jordan
649 4233 700 4282 and
725 4236 766 4282 tus
777 4228 791 4294 3'
803 4235 842 4285 M.

994 4335 1038 4379 02
