3226 5020
287 751 362 789 vorke.

447 506 513 570 290
809 519 883 567 uro.
900 518 1048 565 rervnrr

286 697 431 748 erratura·
449 681 526 756 dus,
546 677 698 764 ejusdem
719 678 847 755 sociuS,
868 677 1058 758 recollegit.
1103 675 1234 738 Iterum
1253 675 1403 738 Lectura

450 799 554 862 super
589 779 762 843 Joannem
801 784 836 841 et
877 796 981 860 super
1019 775 1158 840 tertium
1197 784 1404 839 nocturnum

452 879 626 955 Psalterii,
642 873 868 942 ¹Collationes
883 877 926 941 de
955 877 1123 940 Oratione
1158 875 1341 940 Dominica
1370 883 1405 938 et

452 979 628 1063 Symbola.
666 972 992 1042 Item¹Collationes
1009 973 1244 1040 Dominicales
1265 983 1300 1039 et
1319 975 1404 1038 Fes-

451 1081 545 1144 tivee.
596 1079 685 1142 Item
719 1073 946 1141 'collationes
979 1077 1021 1140 de
1051 1076 1168 1140 decem
1205 1074 1408 1158 PraeceptiS,

453 1199 541 1263 quas
558 1177 698 1260 collegit
714 1177 823 1241 frater
845 1177 970 1241 Petrus
986 1177 1028 1240 de
1046 1174 1168 1239 Adria.
1216 1175 1305 1238 Item
1323 1175 1406 1237 Lec-

455 1287 533 1360 tura
556 1298 660 1361 super
685 1277 891 1341 Matthaeum
912 1276 1133 1358 incompleta,
1153 1294 1258 1359 quam
1280 1274 1406 1356 partim

455 1380 543 1443 idem
567 1378 684 1454 frater,
707 1378 832 1460 partim
856 1375 1032 1440 saecnlaris
1055 1374 1195 1458 quidam
1216 1374 1406 1456 recollegit,

457 1479 532 1563 ejus
549 1479 663 1542 studio
678 1471 891 1541 delectatus.²

295 1603 444 1646 nomiae.
508 1577 622 1642 Tanto
648 1585 762 1641 antem
787 1576 954 1640 doctrinae
970 1575 1095 1659 jubare
1119 1573 1285 1636 mundum
1307 1574 1408 1636 orba-

458 1686 532 1742 tum
559 1685 726 1758 quantum
756 1677 963 1740 universitas
992 1673 1199 1738 Parisiensis
1224 1672 1408 1756 planxerit,

459 1777 683 1841 manifestant
699 1776 853 1861 ejusdem
877 1776 1004 1840 litterae
1033 1775 1076 1838 ad
1105 1774 1250 1837 fratrum
1276 1773 1408 1835 Praedi·

460 1883 615 1940 catorum
653 1876 842 1958 capitulum
878 1875 1051 1957 generale,
1083 1881 1118 1937 et
1150 1873 1193 1936 ad
1222 1872 1409 1956 monachos

459 1978 551 2040 inter
585 1995 672 2057 quos
701 1974 857 2058 sepultus
887 1981 952 2052 est,
984 1976 1136 2050 directae,
1168 1973 1293 2054 quibus
1331 1991 1411 2035 ossa

461 2075 537 2159 ejus
562 2083 602 2139 ut
628 2077 718 2139 inter
743 2075 902 2140 doctores
925 2075 1149 2138 humarentur
1175 2073 1332 2148 Parisiis
1358 2073 1410 2135 in·

460 2175 611 2239 stantius
637 2175 840 2258 postulavit.
899 2174 1084 2238 Sanctiteti
1119 2192 1202 2237 vero
1232 2172 1341 2254 ipsius
1370 2191 1412 2235 ac

462 2276 544 2339 vitae
567 2275 698 2338 meritis
720 2281 930 2339 attestantur
946 2274 1122 2352 miracula,
1147 2292 1225 2355 quae
1242 2278 1322 2354 post
1337 2271 1412 2355 ejus

462 2377 657 2449 transitum,
687 2381 723 2438 et
755 2375 791 2437 in
815 2375 888 2438 vita
909 2375 1029 2458 ipsius,
1060 2393 1122 2455 per
1153 2391 1230 2436 eum
1264 2371 1412 2453 plurima

463 2475 695 2556 contigerunt.
763 2473 877 2538 Nocte
911 2493 994 2538 vero
1029 2474 1117 2555 ipsa,
1156 2478 1226 2554 qua
1265 2470 1308 2534 de
1346 2471 1411 2534 hoc

463 2574 590 2638 mundo
608 2575 757 2650 transiit,
777 2573 939 2656 apparuit
956 2573 992 2635 in
1011 2573 1140 2636 somnis
1165 2590 1329 2652 germano
1349 2589 1412 2634 suo

464 2673 581 2737 comiti
601 2674 643 2737 de
666 2671 807 2756 Aquino
830 2674 865 2736 in
889 2673 1008 2736 habitu
1032 2672 1161 2735 ordinis
1182 2672 1249 2747 sui,
1272 2670 1412 2734 tradens

463 2772 573 2836 eidem
597 2775 633 2836 in
655 2791 758 2836 manu
777 2773 928 2836 litteram
947 2773 1131 2854 quamdam
1153 2770 1330 2848 clausam3
1354 2769 1413 2852 qui

466 2873 535 2936 cito
555 2878 635 2954 post
652 2872 837 2950 excitatus,
862 2892 940 2936 eum
963 2891 1000 2935 se
1022 2872 1165 2936 sentiret
1180 2870 1333 2934 litteram
1351 2871 1412 2934 ha·

466 2971 546 3035 bere
572 2972 608 3034 in
636 2972 807 3048 manibus
837 2972 1062 3036 camerarium
1093 2987 1193 3034 suum
1219 2971 1415 3045 advocavit,

462 3069 637 3153 jussitque
661 3071 725 3133 sibi
745 3071 861 3135 lumen
882 3071 1037 3135 celeriter
1053 3070 1249 3153 apportari3
1273 3089 1342 3152 quo
1365 3069 1415 3132 al-

466 3168 539 3233 lato
569 3170 719 3234 litteram
751 3172 922 3253 aperiens,
955 3171 1088 3235 invenit
1118 3171 1166 3234 ihi
1195 3169 1308 3233 aureis
1339 3169 1412 3250 api·

467 3270 576 3346 cibus,
606 3289 707 3334 omne
734 3271 921 3334 humanum
947 3269 1129 3333 artificium
1160 3288 1224 3332 sua
1257 3268 1415 3332 formosi-

466 3375 540 3432 tate
565 3369 822 3447 excedentibus
846 3371 911 3434 hoc
932 3371 1155 3452 inscriptum:
1179 3368 1322 3433 ‘Hodie
1344 3367 1416 3431 fac-

503 3565 930 3620 ¹‘Collooationes’inellthethree
955 3570 1038 3619 dersul
1063 3584 1131 3631 man,
1152 3569 1182 3618 ol
1203 3569 1286 3618 whom
1313 3570 1333 3617 it
1358 3583 1416 3630 may

468 3640 554 3700 places
564 3655 571 3700 ;
583 3640 631 3688 Ar.
950 3641 1033 3703 justly
1044 3642 1076 3689 be
1088 3641 1153 3700 said,
1164 3639 1219 3688 that
1229 3653 1261 3688 no
1272 3639 1365 3688 human
1378 3639 1416 3688 in·

504 3705 583 3758 2The
608 3709 693 3758 works
717 3710 754 3758 ol·
770 3710 807 3758 St.
821 3709 931 3758 Thomas
955 3712 1049 3772 tellect,
1069 3709 1158 3758 united
1180 3714 1206 3758 to
1228 3709 1292 3758 such
1315 3708 1417 3758 humble

469 3778 498 3827 of
511 3778 614 3839 Aquino
631 3778 695 3828 have
714 3781 778 3828 been
795 3779 931 3840 published
955 3780 1103 3840 simplicity,
1130 3779 1177 3828 has
1206 3793 1265 3828 ever
1290 3779 1418 3840 equalled,

469 3852 496 3897 at
514 3849 593 3897 Rome
612 3850 662 3897 end
682 3850 777 3898 Venice
796 3850 822 3897 in
844 3863 931 3897 seven·
956 3849 994 3898 sar
1005 3851 1056 3899 less
1068 3849 1215 3911 surpassed,
1225 3849 1266 3897 his
1276 3849 1418 3898 wonderful

470 3919 650 3967 teenvolumes
661 3919 730 3980 lolio,
748 3921 810 3966 1570
826 3923 852 3967 et
866 3933 930 3980 seq.;
956 3933 1062 3980 powers.
1098 3919 1148 3967 For
1167 3933 1183 3966 e
1204 3919 1327 3980 complete
1349 3921 1418 3966 cata·

468 3991 495 4035 to
517 3987 602 4036 which
627 3988 674 4036 has
700 3990 762 4036 been
790 3987 873 4036 added
898 4003 930 4036 an
955 3989 1030 4051 logne
1047 3988 1077 4038 of
1093 3987 1133 4036 his
1149 3988 1244 4050 worke,
1260 3988 1323 4037 with
1342 3987 1418 4037 refer-

469 4056 613 4118 eighteenth
624 4062 650 4106 at
665 4059 797 4118 Antwerp,
808 4071 836 4106 or
847 4057 931 4106 rather
955 4073 1030 4108 enoes
1051 4063 1077 4108 to
1100 4058 1143 4107 the
1165 4058 1252 4119 places
1269 4058 1354 4107 where
1376 4057 1418 4106 the

470 4127 592 4188 Cologne,
604 4128 631 4174 in
648 4131 721 4177 1612.
756 4127 809 4176 But
819 4127 870 4176 this
880 4129 931 4176 and
955 4129 1064 4191 original
1083 4128 1159 4177 MSS.
1173 4143 1216 4177 ere
1234 4128 1357 4189 retained,
1376 4142 1418 4177 see

469 4194 511 4244 the
522 4195 684 4245 serenteenth
696 4197 797 4246 volume
808 4211 851 4245 are
863 4196 931 4246 lilled
956 4198 996 4246 his
1017 4198 1061 4247 life
1084 4198 1134 4247 and
1154 4198 1270 4259 writings
1292 4199 1328 4258 hy
1349 4197 1419 4249 Que-

468 4265 531 4312 with
539 4265 858 4327 thesupposititious‚orat
866 4268 931 4316 least
956 4268 990 4316 til
1013 4269 1064 4316 end
1086 4268 1187 4316 Echard
1199 4282 1209 4330 ;
1239 4268 1331 4329 Seript.
1357 4267 1421 4317 Ord.

468 4349 529 4396 very
540 4335 659 4384 doubtful
666 4336 753 4384 works
764 4337 793 4386 of
800 4337 851 4386 this
862 4353 931 4386 won·
959 4338 1035 4387 Pred.
1047 4339 1065 4388 i.
1079 4353 1122 4399 pp.
1132 4341 1250 4386 erl-348.
