3226 5020
607 485 789 534 ANNALES.
1107 465 1174 534 305
1243 495 1245 504 r

220 647 296 710 nuit
321 645 356 708 in
378 644 443 709 hoc
472 645 574 709 bello.
627 644 838 726 Progressus
865 644 988 708 deinde
1010 645 1169 727 princeps
1192 726 1197 734 ·

220 765 340 809 versus
366 745 559 809 terram-de
583 743 706 820 Bueld,
730 763 767 807 se
793 764 870 807 cnm
893 745 1014 826 paucis
1040 745 1084 808 ab
1107 747 1170 808 ex-

220 847 329 909 ercitu
358 845 490 927 reliquo
525 844 724 926 separavit3
759 844 815 906 cui
844 864 921 907 cum
952 862 1017 907 sua
1045 844 1170 908 militia
1182 857 1309 950 {suffire

180 967 182 970 ·
220 945 502 1026 supervenientes
526 943 658 1007 nobiles
685 942 750 1007 viri
776 943 799 1006 J
803 963 930 1007 oannes
953 942 1101 1008 Gitlardi
1134 953 1169 1009 et
1182 957 1200 996 1⁸
1209 958 1270 997 elain·

222 1044 422 1108 Edmundus
453 1044 496 1106 de
527 1035 785 1120 Mortuo-mari,
820 1037 921 1107 lnihil
953 1043 1168 1126 suspicantes

220 1144 263 1207 de
288 1143 455 1226 principe,
481 1144 595 1225 ipsum
623 1162 701 1206 cunr
731 1142 834 1207 sociis
861 1161 979 1226 pugna
1009 1144 1169 1224 aggredi-

220 1250 317 1307 entes
343 1243 543 1308 occiderunt
566 1242 652 1307 feria
675 1250 778 1307 sexta
800 1250 881 1307 ante
908 1242 1034 1306 festum
1056 1244 1168 1308 beatae

222 1342 350 1409 Luciae.
403 1342 575 1425 Principis
599 1350 714 1405 autern
743 1349 822 1424 post
850 1349 1007 1419 mortem,
1036 1362 1058 1425 a
1084 1363 1167 1426 quo-

220 1443 299 1506 dam
329 1441 388 1525 qui
415 1443 580 1506 intererat
605 1443 727 1522 agniti,
750 1448 855 1524 caput
878 1441 1067 1506 abscissum
1094 1443 1166 1523 regi

221 1541 384 1618 defertur,
409 1542 501 1624 quod
531 1541 728 1604 Londnnias
751 1542 992 1604 transmissum
1015 1541 1167 1624 positum

221 1648 275 1706 est
309 1661 370 1724 per
398 1648 534 1724 tempus
565 1639 705 1722 aliquod
737 1658 840 1722 super
871 1641 1004 1704 turrim.
1065 1631 1168 1704 Circa

220 1741 308 1805 idem
339 1747 475 1823 tempus
502 1740 629 1804 milites
660 1739 808 1822 quidam
829 1739 872 1804 de
894 1741 986 1820 regis
1013 1728 1167 1804 exercitu

220 1848 373 1923 pontem,
405 1859 505 1922 quem
540 1859 603 1902 rex
635 1838 870 1916 inchoaverat,
905 1838 1056 1904 nondum
1091 1859 1169 1922 per·

219 1941 347 2005 fectum
372 1941 486 2003 minus
509 1939 695 2021 prudenter
717 1939 948 2003 accelerantes
971 1939 1130 2017 transire,
1149 1959 1170 2003 a

219 2040 541 2122 supervenientibus
554 2037 788 2103 Wallensibus
804 2038 923 2120 territi,
937 2038 1017 2102 dum
1036 2029 1076 2102 in
1085 2039 1170 2102 mul·

220 2139 366 2203 titudine
388 2138 596 2220 conglobata
619 2145 830 2202 revertentes
847 2139 997 2220 fugiunt,
1015 2140 1169 2202 submer-

221 2233 375 2320 guntur.²
432 2238 530 2303 Inter
550 2257 637 2321 quos
655 2231 769 2302 ³erant
792 2238 889 2302 miles
912 2237 1170 2302 strenuissimus

221 2339 334 2403 Lucas
349 2338 392 2402 de
406 2338 543 2421 Thany,
561 2349 596 2402 et
608 2338 676 2402 duo
692 2339 848 2420 germani
866 2337 1011 2402 Rnberti
1028 2336 1170 2413 Burnel,

220 2438 463 2504 Bathoniensis
479 2437 640 2520 episcopi,
659 2425 793 2519 aliique
803 2437 1034 2519 quamplures

265 2538 346 2602 Hoc
365 2557 458 2602 anno
474 2539 597 2601 heatus
612 2536 777 2614 Thomas,
794 2530 1078 2601 *Heresordensis
1095 2535 1167 2616 epi·
1183 2553 1316 2643 sepropq

220 2641 358 2720 scopus,
379 2638 490 2702 invia
506 2655 626 2701 versus
644 2637 774 2701 curiam
789 2636 830 2700 de
855 2636 1016 2719 praesenti
1040 2635 1167 2699 saeculo
1183 2605 1207 2644 ⁰¹
1235 2614 1322 2644 Μ’

219 2757 366 2820 nequam
382 2744 521 2819 ereptus
537 2736 580 2800 ad
597 2756 706 2818 regna
725 2737 889 2817 migravit
906 2735 1074 2812 coelestia,
1089 2754 1167 2799 cum

220 2837 321 2900 annis
348 2843 479 2919 septem
507 2855 646 2917 gregem
676 2837 742 2899 sibi
769 2837 989 2899 commissum
1017 2834 1168 2901 sollicita

117 2956 120 2961 ·
220 2956 303 3000 cura
326 2937 484 3000 rexisset.
526 2935 608 3012 Hic,
626 2935 798 3000 nobilibus
821 2943 919 3001 ortus
939 2935 1127 3011 natalibus,
1146 2955 1167 2999 a

222 3056 327 3119 puero
355 3036 436 3099 Duo
463 3035 553 3127 vixit
576 3035 732 3099 devotus.
776 3036 899 3101 'Studii
924 3023 1040 3099 autem
1067 3054 1167 3098 exer·

221 3137 385 3200 citatione
411 3135 604 3199 litterarum
639 3134 823 3217 adquirens
853 3136 1025 3218 peritiam,
1056 3133 1168 3216 primo

220 3237 255 3299 in
299 3234 431 3299 artibus
471 3235 682 3309 liberalibus,
724 3233 846 3298 deinde
890 3234 925 3298 in
960 3233 1040 3317 jure
1077 3234 1169 3296 rexit

256 3413 426 3476 ¹Acc0rding
441 3417 468 3462 to
486 3408 626 3475 Kniglrton,
647 3412 679 3461 he
705 3412 849 3463 Faulreton.
889 3412 1006 3476 Knight,
1022 3412 1056 3463 X.
1076 3412 1168 3474 script.

220 3501 275 3535 was
294 3485 359 3534 slain
378 3485 411 3546 by
422 3498 469 3532 one
489 3481 633 3544 Stephanus
648 3483 681 3532 de
706 3486 782 3534 2⁴64.
795 3487 834 3532 18.

290 3567 301 3600 ²
318 3575 325 3597 ‘
335 3570 418 3619 When
429 3569 471 3619 the
482 3568 571 3630 brigge
582 3582 637 3618 was
648 3572 700 3629 ent,
711 3573 738 3618 at
748 3568 830 3630 Inglis
840 3583 898 3618 men
909 3583 965 3630 say,

335 3640 482 3688 Withouten
493 3642 649 3701 nvysement,
658 3638 700 3687 the
711 3639 768 3700 brig
778 3639 831 3687 thei
842 3639 904 3687 wild
915 3653 1000 3699 assay.

335 3709 397 3758 Sent
406 3709 460 3758 thei
469 3723 519 3756 non
530 3707 625 3770 before,
634 3712 661 3757 tc
673 3709 731 3758 wite
742 3708 801 3760 how
811 3709 865 3758 thei
874 3723 915 3758 mo
925 3722 1010 3770 passe,

334 3779 468 3828 'therefore
479 3777 530 3827 had
541 3777 593 3826 thei
603 3778 665 3840 lore,
675 3778 714 3827 for
724 3793 773 3828 non
784 3781 923 3828 nuisement
929 3792 1021 3827 waste.

335 3849 412 3898 Fcrth
423 3853 491 3897 went
501 3847 593 3909 knight
604 3848 654 3897 and
664 3863 755 3910 sueyn,
766 3849 816 3897 and
827 3849 877 3898 fote
888 3863 945 3896 men
956 3848 991 3896 all
1002 3848 1027 3895 in
1039 3848 1099 3910 lere,
1161 3895 1165 3902 ,

333 3919 387 3968 The
399 3917 503 3968 Walsch
514 3933 568 3966 eom
579 3917 647 3966 them
658 3932 751 3980 ageyn,
761 3919 806 3967 did
816 3932 862 3967 our
873 3933 929 3969 men
940 3917 975 3966 all
986 3932 1065 3979 arere,

336 3990 402 4038 Thet
413 3994 522 4050 turnyng
533 3986 589 4036 ther
599 3988 723 4050 unthanlr,
734 4002 763 4038 ae
773 3987 839 4050 hery
850 4002 905 4037 was
915 3988 957 4036 the
969 3988 1071 4050 charge,

334 4059 423 4108 Under
433 4059 501 4107 them
513 4057 563 4107 ulle
575 4059 639 4108 sank
650 4059 711 4108 both
721 4058 824 4107 battelle
835 4057 993 4120 andbarge!
1125 4079 1127 4085 ⁴

758 4128 904 4190 Langtolta
916 4128 1028 4189 Hearne,
1039 4143 1065 4190 p.
1075 4130 1134 4176 241.

257 4211 327 4262 8ΑΗ
338 4215 381 4264 the
392 4215 469 4263 MSS.
480 4213 643 4262 read‘erat.’
744 4211 832 4264 ⁴This
848 4214 945 4264 isfrcrn
958 4214 995 4266 M.
1034 4215 1092 4263 Cod.
1106 4213 1169 4273 Reg.

710 4283 756 4332 has
768 4284 775 4312 ‘
786 4280 1000 4334 Herdlordensis.'

993 4375 1018 4420 X
