3226 5020
609 498 804 549 caruitne.¹
1112 484 1179 551 293

222 655 323 733 rium,
355 655 492 721 obsides
524 654 726 738 postulavit.
794 653 897 734 Quod
933 673 996 720 rex
1034 655 1175 738 indigne

223 754 345 833 ferens,
378 756 594 820 dissimulato
628 757 781 838 negotio,
814 754 1011 820 Londonias
1046 757 1174 838 parlia-

221 863 374 919 mentum
397 863 586 934 eonvocat3
609 854 646 918 in
664 875 733 938 quo
747 856 838 918 inter
860 855 929 919 alia
949 855 1070 932 multa,
1094 876 1173 938 quae

221 954 264 1019 ad
282 955 469 1019 utilitatem
486 956 584 1037 regni
598 955 642 1018 de
658 974 802 1018 assensu
817 953 1051 1036 praelatorum,
1065 957 1172 1020 comi·

221 1060 305 1129 tum,
317 1062 352 1118 et
363 1056 543 1131 baronum,
555 1061 689 1119 statuta
701 1061 796 1130 sunt,
806 1053 990 1117 inhibitum
1008 1062 1061 1118 est
1075 1075 1118 1118 ne
1129 1055 1172 1121 de

220 1160 335 1217 cetero
357 1154 593 1235 possessiones
615 1160 784 1218 terrarum
807 1172 869 1216 seu
891 1152 1074 1230 redituum,
1096 1156 1172 1220 sinc

219 1253 362 1334 speciali
375 1255 467 1334 regis
481 1254 634 1330 licentia,
649 1254 693 1317 ad
710 1272 847 1317 manum
866 1261 1037 1316 mortuam
1051 1253 1170 1319 devob

220 1361 357 1415 vantur.
410 1353 592 1418 Vocantur
622 1361 738 1417 autem
768 1359 903 1416 statuta
933 1353 969 1414 in
997 1351 1062 1416 hoc
1090 1373 1282 1436 parauerat

219 1450 382 1516 liamentc
408 1453 501 1516 edita
529 1452 688 1516 ‘Statuta
709 1451 1010 1516 westmonasterii
1037 1427 1307 1534 pumassli‘tllihl‘

220 1549 307 1615 Post
324 1551 588 1633 parliamentum
606 1571 678 1627 rex,
698 1559 738 1615 nt
755 1552 901 1635 principi
919 1551 1057 1615 liberior
1073 1552 1118 1616 ad
1133 1572 1170 1617 se
1182 1531 1231 1567 ’ω’

218 1657 353 1731 pateret
380 1669 552 1727 accessus,
582 1650 752 1716 Cestriam
779 1670 901 1732 usque,
928 1669 1006 1734 quae
1029 1652 1066 1716 in
1091 1671 1171 1716 con·

218 1749 300 1813 finio
316 1749 454 1814 Wallire
477 1751 546 1814 sita
568 1759 633 1828 est,
656 1750 887 1834 progreditur,
906 1751 1088 1833 missisque
1107 1753 1170 1816 ite·

218 1869 293 1912 rum
311 1851 440 1913 nuntiis
462 1850 660 1932 homagium
686 1851 730 1916 ab
755 1844 813 1914 ¹eo
828 1849 967 1931 exegit:
991 1869 1061 1932 quo
1077 1851 1169 1931 regis

217 1949 388 2014 mandatis
409 1969 530 2033 parere
545 1943 788 2027 ²detrectante,
805 1969 868 2014 rex
883 1950 1072 2016 exercitum
1088 1970 1170 2014 con.

217 2057 331 2126 vocat,
352 2050 538 2132 disponens
557 2050 784 2130 denegantem
809 2049 875 2114 sibi
900 2048 1097 2131 homagium
1125 2051 1169 2114 de

216 2167 280 2212 suo
296 2148 396 2213 feodo
411 2149 598 2232 principem
615 2168 827 2233 expugnare.

267 2247 397 2312 Eodem
427 2267 518 2312 auno
544 2251 580 2312 in
612 2251 768 2331 partibus
796 2245 1006 2312 australibus
1027 2245 1166 2328 Angliae
1179 2275 1292 2315 russan-

214 2354 250 2411 et
267 2347 535 2411 occidentalibus
559 2355 661 2413 terrae
682 2359 796 2412 motus
819 2348 991 2412 horribilis
1009 2348 1168 2429 contigit,
1179 2326 1257 2375 qm*

215 2446 301 2513 feria
326 2454 452 2529 quarta
477 2447 567 2511 inira
590 2455 749 2511 octavam
778 2446 984 2512 Natiuitatis
1010 2446 1168 2528 Virginis

215 2546 387 2627 gloriosae.
450 2546 698 2611 Pestilentialis
735 2547 840 2610 etiam
877 2545 1046 2626 aegritudo
1082 2566 1166 2610 oves

215 2665 420 2710 consumens
438 2647 553 2711 scabie
569 2654 652 2710 tunc
673 2639 828 2727 incepit.³
881 2644 976 2709 Obiit
991 2646 1056 2708 hoe
1073 2664 1166 2710 anno

215 2744 370 2809 loannes
387 2739 573 2823 *Bretoum
598 2745 864 2809 Herefordeusis
886 2745 1080 2827 episcopus,
1105 2747 1164 2828 qui

216 2844 399 2910 admodum
430 2847 561 2928 peritus
592 2846 629 2908 in
652 2845 789 2928 juribus
812 2843 1016 2925 Anglicanis
1039 2844 1164 2908 librum

214 2943 257 3007 de
283 2943 333 3010 eis
360 2946 565 3028 conscripsit
586 2945 779 3028 perutilem.
825 2943 890 3008 Cui
912 2945 1078 3009 successit
1094 2964 1165 3009 ma-

215 3044 324 3124 gister
352 3044 506 3109 Thomas
535 3044 579 3109 de
610 3043 809 3126 Cantilupo,
840 3043 961 3109 doctor
994 3045 1030 3108 iu
1066 3063 1166 3108 sacra

215 3142 402 3226 theologia,
424 3144 478 3208 vir
499 3144 623 3209 nobilis
644 3163 782 3226 genere,
804 3143 863 3206 sed
888 3143 995 3206 multo
1018 3144 1165 3207 nobilior

214 3244 365 3306 moribus
389 3245 562 3326 animique
583 3244 722 3308 virtute.
774 3242 886 3306 Solvit
905 3242 969 3306 hoc
989 3261 1080 3305 anno
1102 3262 1165 3325 po-

215 3342 317 3424 pulus
348 3344 422 3423 regi
447 3344 603 3426 quintam
631 3343 797 3407 decimam
826 3349 959 3423 partem
986 3342 1167 3419 bonorum,

215 3460 292 3522 quae
308 3444 398 3523 patri
413 3461 477 3505 suo
492 3443 670 3506 dicebatur
685 3461 859 3508 concessa.

250 3609 257 3640 ¹
275 3609 381 3658 ‘eodem
389 3606 405 3671 ;’
416 3611 455 3658 M.
700 3613 754 3658 tum
766 3623 799 3656 ex
810 3612 887 3656 uncto
898 3607 986 3668 veteri,
997 3605 1073 3672 (stole
1083 3600 1167 3667 bog's·

248 3674 259 3705 ⁹
274 3680 434 3729 ‘decretunte
444 3675 463 3741 ς’
474 3678 675 3742 M.,Ar.,etAr.
701 3693 799 3740 muse,
813 3675 937 3739 Hearne,)
954 3681 979 3724 et
990 3678 1047 3725 rivo
1061 3679 1165 3737 argento

213 3751 272 3799 220.
317 3762 332 3772 “
701 3753 726 3797 et
740 3748 890 3809 verdegrez;
907 3751 933 3794 et
943 3745 1002 3795 inde
1019 3747 1165 3806 ubicunque

248 3815 259 3846 ⁸
274 3818 328 3868 The
340 3818 480 3868 chronicler
495 3818 524 3867 of
534 3819 677 3868 Dunstable
700 3819 799 3866 scabies
807 3815 1087 3877 semenstrabat,locum
1095 3815 1167 3863 illum

215 3887 286 3948 gives
302 3903 319 3936 u
336 3889 433 3950 receipt
451 3887 490 3936 lor
503 3889 546 3937 the
570 3903 629 3937 cure
652 3888 681 3936 ol
701 3887 830 3946 unximus,
846 3892 872 3935 et
889 3886 992 3947 prurigo
1009 3899 1068 3933 mox
1083 3898 1167 3933 cessu-

214 3957 266 4009 this
300 3959 422 4015 murram,
453 3957 487 4005 ud
516 3973 574 4008 ann.
604 3961 678 4007 lass.
701 3959 746 4006 vit.
782 3956 831 4004 Sed
849 3960 936 4006 contra
952 3955 1021 4004 illam
1037 3955 1167 4002 infirmita·

213 4027 323 4077 ‘Contra
334 4029 520 4089 scabiem,quae
530 4029 679 4090 generaliter
701 4031 760 4086 tem,
785 4040 843 4087 quae
864 4029 967 4086 propter
992 4024 1166 4072 humiditatem

214 4110 300 4146 omnes
313 4111 374 4146 oves
386 4097 488 4160 Angliae
499 4101 626 4158 presserat
634 4111 680 4158 per
702 4095 807 4155 contigit
812 4090 869 4162 (the
876 4089 1002 4162 scobrot),
1008 4093 1044 4142 nil
1050 4088 1167 4143 valebat?

214 4168 373 4229 septennium
396 4167 553 4229 praecedens,
574 4167 680 4216 remedi·
703 4168 734 4214 P.
747 4169 805 4215 495.
1131 4169 1134 4174 “

214 4251 258 4284 um
280 4237 417 4286 didicimus
436 4251 580 4297 quanquam
599 4235 679 4286 tarde.
737 4232 746 4262 ⁴
763 4230 902 4292 ‘Brutum'
913 4227 979 4284 D'A.
992 4249 998 4282 ι
1010 4226 1167 4294 ‘Bartuuu3'

216 4306 334 4356 Fecimus
345 4306 411 4356 enim
423 4307 549 4368 quoddam
566 4319 680 4368 unguen·
704 4306 742 4353 M.
754 4321 760 4353 :
777 4304 891 4352 ‘Burton
902 4299 916 4362 ς’
929 4302 977 4352 Ar.
