3204 5028
416 495 481 558 118
772 509 846 556 ure.
870 509 1018 556 rnrvnrr

417 687 522 749 scopo
554 666 779 731 Dunelmensi
809 667 963 751 ejusdem
993 656 1115 751 patriae
1138 665 1292 729 vendidit
1316 685 1372 729 co-

419 768 589 832 mitatum.
643 767 759 830 Multa
776 768 881 831 etiam
899 767 968 831 alia
984 766 1149 843 vendidit,
1169 766 1371 830 multorum-

312 947 313 950 *
350 929 355 933 .
420 887 486 950 qne
509 874 731 931 coacervatas
755 868 918 950 pecunias
942 867 1006 930 sibi
1029 869 1065 931 in
1087 867 1206 930 Terrae
1235 865 1372 929 Sanctae

421 967 612 1030 subsidium
637 961 848 1050 adquisivit.¹
896 966 959 1031 'Ad
985 967 1076 1048 regis
1101 967 1205 1031 etiam
1231 965 1374 1028 Ricardi

421 1067 615 1150 imperium,
632 1067 676 1130 ad
694 1067 914 1149 episcopatus
928 1065 1091 1152 (quorum
1107 1065 1263 1130 nonnulli
1279 1064 1374 1147 prius

422 1174 586 1231 vacantes
607 1168 813 1230 tenebantur
834 1168 871 1230 in
892 1187 998 1231 manu
1020 1162 1149 1249 patris)
1165 1166 1266 1230 electi
1282 1172 1376 1241 sunt,

424 1274 458 1331 et
475 1267 685 1331 assentiente
707 1286 789 1348 rege
812 1266 1035 1332 inthronizati
1061 1267 1214 1349 episcopi
1242 1273 1313 1330 tam
1339 1265 1376 1326 in

425 1365 554 1448 Anglia
570 1386 675 1449 quam
691 1367 725 1429 in
744 1367 820 1430 aliis
834 1360 965 1431 ²terris.
1019 1365 1117 1431 Inter
1134 1385 1221 1448 quos
1238 1364 1377 1428 fuerunt

425 1466 606 1530 Hubertus
622 1466 771 1530 Walteri
785 1467 1058 1544 SarisberiensiS,
1076 1473 1111 1531 et
1121 1465 1319 1530 Willelmus
1336 1463 1378 1527 de

427 1566 685 1648 Longocampo
709 1561 882 1644 Eliensis,³
905 1586 1006 1650 quem
1032 1587 1094 1630 rex
1122 1585 1222 1630 suum
1245 1564 1377 1628 cancel·

426 1666 551 1729 larium
566 1675 602 1730 et
616 1667 722 1730 totius
734 1667 963 1750 justitiarium
979 1667 1075 1749 regni
1088 1666 1181 1730 fecit.
1206 1665 1378 1729 Ricardus

428 1765 576 1829 Eliensis
605 1765 718 1830 factus
751 1775 805 1830 est
838 1766 1088 1831 Londoniensis
1118 1766 1312 1849 episcopus,
1344 1770 1379 1827 et

428 1859 651 1929 ⁴Grodefridus
669 1866 711 1931 de
729 1865 815 1930 Luci
832 1867 1095 1932 wintoniensis.

416 1985 417 1988 ¹
480 1965 685 2048 Praeparata
707 1966 825 2048 itaque
847 1967 958 2030 classe
978 1974 1117 2031 centum
1139 1974 1218 2032 octo
1240 1964 1380 2028 navium

430 2073 465 2128 et
506 2065 666 2148 amplius
707 2067 811 2129 armis
847 2074 882 2131 et
915 2067 1123 2131 victualibus
1166 2073 1381 2140 onustarum,

430 2165 620 2247 ceterisque
637 2165 681 2229 ad
698 2165 764 2230 iter
779 2167 1046 2231 transmarinum
1067 2165 1280 2240 necessariis,
1303 2183 1380 2244 reg·

432 2285 546 2346 noque
562 2265 701 2347 Angliae
725 2273 829 2347 prout
852 2267 1015 2348 angustia
1043 2267 1208 2350 temporis
1229 2263 1383 2347 permisit

431 2364 611 2447 disposito,
650 2366 787 2430 transiit
825 2366 862 2429 iu
905 2365 1168 2444 Normanniam,
1213 2374 1249 2429 et
1288 2362 1380 2444 apud

433 2464 625 2530 Lexovium
656 2467 728 2548 egit
758 2466 884 2531 festum
922 2466 1129 2532 Natiuitatis
1164 2463 1380 2530 Dominicae:

432 2565 573 2648 votique
610 2565 827 2648 persolvendi
859 2566 1028 2630 sollicitus
1063 2567 1137 2648 regi
1174 2567 1383 2630 Francorum

432 2665 583 2747 scripsit,
611 2682 649 2727 se
681 2665 724 2728 ad
751 2665 818 2729 iter
843 2665 961 2730 Terrae
996 2666 1133 2731 Sanctae
1163 2663 1383 2748 expeditum3

433 2763 621 2827 exhortans
653 2772 692 2829 ut
720 2772 756 2827 et
789 2765 864 2847 ipse
896 2765 1078 2830 festinaret
1109 2765 1305 2848 procedere,
1338 2781 1382 2826 ex

433 2863 542 2943 patris
563 2864 839 2944 argumentando
862 2866 1033 2947 exemplo,
1054 2865 1147 2947 quod
1167 2883 1303 2946 semper
1328 2881 1386 2926 no-

434 2962 505 3026 cuit
523 2961 657 3026 differre
674 2963 818 3044 paratis.
855 2962 1146 3048 Archiepiscopus
1163 2962 1386 3028 Treverensis

435 3061 471 3123 in
496 3061 626 3142 Anglia
647 3063 796 3126 moriens
829 3065 985 3146 sepultus
1017 3071 1070 3129 est
1098 3064 1388 3146 Northamptonae

435 3160 527 3243 apud
544 3161 580 3225 S.
596 3160 782 3226 Andream.

473 3367 482 3398 ¹
500 3370 613 3420 Richard
635 3370 665 3419 oi
681 3371 790 3420 Derises
806 3372 902 3433 writes,
961 3371 972 3404 ²
988 3375 1078 3426 ‘terris
1091 3378 1145 3426 suis
1153 3371 1168 3437 ;'
1180 3377 1218 3426 M.

437 3439 493 3489 that
505 3440 547 3488 the
566 3441 629 3503 king
646 3441 712 3502 said,
731 3441 775 3490 ‘Si
793 3443 901 3491 invenis·

438 3524 491 3559 sem
502 3515 648 3572 emptorem,
657 3511 828 3560 vendidissem
838 3512 902 3560 Lon·
962 3508 972 3541 ³
990 3512 1175 3574 Longchemps.
1198 3512 1289 3560 ‘Alter
1297 3511 1389 3573 Jacob,

438 3580 534 3628 dinium
543 3575 558 3640 ς’
570 3580 663 3642 which,
671 3581 702 3630 he
712 3583 827 3643 quaintty
834 3596 903 3644 says,
927 3581 987 3630 licet
998 3597 1046 3630 non
1061 3582 1183 3632 luctasset
1199 3583 1290 3645 angelo
1295 3581 1314 3644 ;’
1333 3582 1390 3630 Ric.

439 3650 485 3698 did
496 3654 539 3698 not
554 3654 597 3712 get
606 3650 676 3699 wind
692 3655 719 3700 at
732 3652 774 3700 the
791 3653 861 3715 time,
876 3667 904 3701 or
928 3651 1041 3702 Dian.
1055 3657 1096 3703 18.

439 3719 481 3768 the
493 3722 604 3781 cunning
614 3720 743 3770 merchant
748 3722 829 3783 might
839 3722 903 3770 have

439 3789 513 3838 acted
523 3804 556 3838 on
568 3790 609 3838 the
618 3790 660 3839 old
672 3791 779 3853 English
789 3792 905 3854 proverb,
964 3788 974 3820 ⁴
990 3788 1178 3842 ‘Godeiridns’
1191 3792 1214 3841 is
1222 3791 1286 3840 from
1295 3792 1334 3840 M.
1341 3790 1392 3839 end

442 3860 554 3908 ‘Emere
576 3875 622 3919 pro
645 3861 788 3923 duodecim,
811 3865 836 3910 et
858 3877 904 3922 pro
928 3859 986 3923 Ar„
997 3861 1048 3911 and
1057 3861 1167 3922 adopted
1177 3864 1212 3922 by
1224 3862 1297 3911 Hall.
1331 3862 1391 3910 Cod.

441 3943 492 3978 uno
504 3937 529 3978 et
540 3930 616 3978 semis
628 3931 735 3980 vendere
745 3927 761 3992 ;'
777 3931 833 3981 Ric.
842 3932 903 3981 Div.
930 3932 994 3993 Reg.
1006 3932 1057 3980 and
1068 3927 1136 3980 ΠΛ.
1148 3932 1212 3980 have
1222 3926 1393 3990 ‘Guldidusf

443 4014 470 4058 p.
484 4003 522 4047 10.
536 4003 575 4048 00.
929 4000 1004 4064 infra,
1015 4001 1049 4051 ed
1061 4017 1102 4052 an.
1114 4005 1187 4052 1204.
