3170 5020
452 479 517 542 400
797 497 868 545 ruo.
895 498 1043 546 rmvarr

451 654 537 718 nihil
565 653 797 737 proficientes,
827 655 993 720 fidelitate
1023 655 1140 719 debita
1171 662 1323 734 servata,
1357 658 1408 722 ad

451 753 529 819 loca
545 747 728 819 ¹custodiae
744 763 975 821 revertuntur.
1016 752 1296 834 ”Columnenses
1311 777 1407 821 mor-

451 861 512 917 tuo
532 873 623 936 papa
646 854 838 933 Bonifacio,
858 854 902 919 de
921 857 993 920 suis
1014 856 1144 938 egressi
1166 855 1331 934 latibulis,
1357 857 1409 921 ad

450 972 577 1036 papam
595 953 819 1019 Benedictum
842 961 1022 1032 venerunt,
1047 955 1315 1020 misericordiam
1338 957 1408 1020 im-

449 1053 650 1135 plorantes:
684 1073 772 1137 quos
803 1054 862 1117 ille
892 1056 1039 1136 benigne
1067 1055 1257 1137 suscipiens
1284 1057 1407 1119 ahsol-

449 1153 512 1231 vit,
539 1173 580 1217 ac
603 1155 771 1218 bonorum
795 1173 936 1217 suorum
958 1155 1079 1218 tribuit
1101 1153 1152 1217 eis
1173 1153 1404 1236 facultatem3

449 1252 510 1316 sed
535 1273 595 1318 eos
622 1252 667 1317 ad
690 1253 833 1334 gradum
858 1253 1092 1318 cardinalatus
1114 1260 1185 1318 tam
1207 1255 1322 1318 subito
1344 1275 1406 1318 re-

449 1351 593 1417 stituere
608 1373 677 1416 non
695 1353 857 1417 decrevit.

288 1467 362 1508 Mixa
498 1451 695 1518 Willelmus
729 1452 819 1518 filius
856 1450 1005 1516 loannis
1041 1451 1177 1515 comitis
1210 1451 1405 1532 Hancniae,

286 1519 412 1658 Ξῇξὲὧῖῗᾱ
449 1558 484 1615 et
506 1550 623 1616 Guido
649 1551 884 1636 Trajectensis
907 1552 1101 1634 episcopuS,
1129 1551 1283 1635 ejusdem
1309 1553 1401 1618 Wil-

341 1631 385 1670 Μ’
448 1649 541 1715 lelmi
574 1659 732 1734 patruus,
768 1658 889 1716 contra
922 1649 1161 1726 FlaudrenseS,
1196 1653 1255 1733 qui
1289 1655 1404 1716 maxi-

448 1769 540 1814 mam
582 1758 717 1834 partem
750 1745 944 1816 ⁸Selandiae
983 1759 1251 1833 occupaverant,
1285 1752 1401 1834 praeli·

448 1855 547 1912 antes
577 1852 815 1928 succumbunt,
844 1858 946 1933 capto
978 1849 1153 1932 episcopo,
1184 1851 1244 1914 sed
1266 1851 1403 1916 Willel·

448 1968 505 2013 mo
535 1951 743 2032 perfugam
774 1951 903 2034 elapso.
965 1949 1064 2032 Papa
1096 1949 1304 2016 Benedictus
1331 1951 1404 2016 fra·

448 2054 536 2112 trem
573 2049 760 2114 Nicolaum
795 2050 838 2114 de
869 2049 978 2113 Prato
1008 2050 1207 2133 episcopum
1240 2050 1402 2133 Spoleta-

448 2167 543 2226 num,
572 2150 616 2213 ad
647 2150 898 2214 cardinalatum
932 2168 1123 2227 assumens,
1153 2150 1236 2215 fecit
1264 2151 1401 2232 episco-

447 2268 528 2331 pum
553 2247 759 2315 Ostiensem.
813 2250 970 2314 Fratrem
993 2249 1097 2312 etiam
1120 2249 1333 2314 Willelmum
1354 2250 1402 2314 de

448 2347 710 2428 Makelesfelde,
747 2349 921 2415 doctorem
962 2368 1070 2413 sacrae
1108 2348 1304 2432 theologiae,
1341 2370 1400 2414 or-

447 2447 537 2511 dinis
565 2448 848 2526 Praedicatorum,
876 2449 1015 2514 natione
1039 2447 1239 2530 Anglicum,
1270 2449 1400 2514 dioece-

449 2549 496 2610 sis
521 2547 776 2627 coventrensis,
803 2549 897 2613 tituli
923 2549 958 2614 S.
982 2549 1120 2612 Sabiuae
1146 2549 1227 2613 fecit
1254 2551 1400 2632 presby-

450 2655 561 2712 terum
580 2649 789 2713 cardinalem
805 2667 814 2726 ;
842 2650 911 2731 qui,
924 2657 1109 2731 antequam
1126 2649 1171 2713 ad
1186 2669 1264 2712 eum
1279 2669 1399 2714 rumor

450 2749 654 2830 perveniret,
689 2750 894 2827 infirmatus
926 2755 962 2812 et
992 2749 1045 2812 ad*
1059 2757 1247 2813 extremam
1275 2748 1398 2813 horam

449 2848 649 2929 perductus,
663 2841 912 2934 ⁴[Cantuariee]
931 2850 967 2912 in
985 2849 1135 2913 Domino
1153 2849 1370 2912 obdormivit.

285 2971 402 3011 asaren-
502 2946 582 3009 Hoc
614 2966 718 3024 anno,
747 2949 839 3012 circa
868 2948 1071 3032 principium
1099 2947 1398 3029 Quadragesimee,

285 3021 401 3110 ‘simi
451 3043 546 3110 Secti
571 3045 721 3111 latentes
743 3049 778 3110 iu
806 3048 939 3112 insidiis
965 3047 1138 3112 loannem
1163 3047 1206 3112 de
1234 3048 1399 3129 Segrave,

288 3120 438 3219 iiiiiirssif'
451 3163 529 3207 cum
552 3148 671 3229 paucis
694 3149 837 3213 armatis
859 3159 1096 3212 transeuntem
1114 3147 1221 3231 juxta
1246 3155 1399 3212 castrum

287 3220 429 3262 lnwhlchtlre
586 3247 625 3260 ..
1006 3249 1012 3262 .
1074 3247 1081 3262 .

286 3271 408 3311 formasa
450 3245 543 3326 quod
560 3246 686 3310 drcrtur
704 3246 917 3324 Puellarum,
937 3249 1052 3312 subito
1071 3255 1293 3328 ruvaseruut3
1320 3268 1399 3330 per-

286 3321 406 3363 ΜΝ*
449 3345 642 3429 emptisque
670 3346 750 3411 hinc
782 3347 860 3410 inde
896 3347 1082 3424 nonnullis,
1114 3345 1211 3410 Scoti
1242 3346 1402 3411 multitu·

449 3443 531 3509 dine
552 3446 794 3528 praevalentes,
820 3455 985 3528 ceperunt
1011 3448 1146 3528 aliquos
1172 3446 1299 3512 milites
1320 3446 1399 3511 An·

449 3544 571 3626 glicos,
600 3546 691 3609 inter
723 3565 810 3628 quos
841 3554 876 3610 et
906 3547 1018 3628 ipsum
1048 3546 1220 3611 Joannem
1251 3546 1399 3610 aliorum

448 3645 666 3726 capitaneum
704 3646 857 3726 graviter
893 3646 1134 3710 vulneratum:
1178 3645 1239 3709 sed
1278 3666 1401 3728 super-

448 3744 625 3808 venientes
648 3745 774 3808 milites
806 3745 865 3810 alii
894 3746 936 3810 de
971 3745 1126 3810 exercitu
1157 3743 1399 3827 Anglicorunr,

446 3842 560 3925 ipsum
583 3843 756 3908 Joannem
784 3864 806 3908 a
828 3844 900 3924 suis
929 3852 1085 3928 ereptum
1107 3845 1309 3910 custodibus
1335 3847 1399 3910 ab·

483 4081 491 4114 ¹
507 4086 649 4136 ‘custodiar
667 4101 721 4138 suar
729 4083 748 4148 ;'
767 4089 806 4138 M.
820 4092 845 4137 et
859 4089 907 4138 Ar.
967 4085 979 4120 ³
995 4088 1058 4138 This
1068 4087 1140 4136 word
1159 4087 1182 4136 is
1199 4088 1263 4137 from
1276 4088 1323 4140 Ar.
1341 4095 1403 4144 22⁰.

446 4159 505 4205 22⁰.
936 4158 996 4207 God.
1010 4159 1074 4221 aeg.
1086 4156 1133 4206 has
1145 4155 1306 4209 ‘Selendiaa’

482 4220 493 4250 ²
508 4225 839 4287 ‘Columneusesquondam
853 4243 907 4276 car-

445 4293 545 4344 dinales
553 4289 570 4356 ς’
582 4295 621 4344 Μ.
968 4297 978 4327 ⁴
995 4297 1057 4346 This
1068 4298 1140 4346 word
1151 4298 1173 4346 is
1185 4297 1247 4346 irom
1260 4299 1300 4348 M.
