3170 5020
426 497 493 563 408
777 513 850 564 ruo.
874 516 1021 563 'rnrvnrr

428 672 516 755 ejus,
533 690 648 737 comes
670 672 713 736 dc
737 671 803 748 Fif,
822 672 866 736 ad
885 692 985 755 quem
1008 672 1052 736 de
1069 673 1150 756 jure
1172 672 1383 737 hereditario

428 771 609 853 spectabat
639 772 705 835 hoc
733 770 894 850 officium,
925 779 1008 837 tunc
1039 773 1163 836 absens
1190 773 1227 835 in
1250 771 1385 854 Anglia

266 887 417 928 rnocounteo
430 871 640 934 morabatur.
722 871 827 936 Hanc
865 877 981 934 autem
1019 871 1229 935 comitissam
1259 872 1383 936 eodem

266 938 414 1076 {griffi
430 987 520 1032 anno
543 970 587 1034 ab
604 968 764 1051 Anglicis
783 977 934 1052 captam,
951 989 1029 1033 eum
1053 971 1193 1052 qnidam
1213 971 1384 1053 perimere

266 1037 633 1175 prdss'vssihgvoluissent,
658 1088 728 1133 non
752 1069 907 1151 permisit
925 1087 1006 1149 rex3
1030 1069 1090 1132 sed
1115 1070 1151 1132 in
1172 1069 1384 1134 domuncula

287 1147 344 1176 '⁰⁰⁰'
429 1167 578 1251 quadam
612 1168 729 1249 lignea
762 1187 867 1250 super
904 1187 1039 1231 murum
1071 1168 1178 1232 castri
1213 1168 1384 1233 Berewiei

427 1267 543 1349 posita
565 1275 630 1344 est,
653 1274 692 1331 ut
717 1273 859 1350 possent
885 1286 961 1331 eam
991 1273 1212 1331 transeuntes
1241 1267 1382 1350 conspi-

428 1360 529 1430 cere.¹

477 1459 577 1530 'Rex
594 1465 746 1547 Angliae,
761 1485 839 1530 cum
851 1467 925 1551 Jam
946 1466 1029 1531 ludo
1048 1485 1110 1549 per
1126 1466 1272 1549 riparias
1287 1466 1381 1530 Dor-

428 1565 525 1629 setiae
554 1573 589 1630 et
614 1566 798 1631 comitatus
829 1566 1055 1648 Hamptoniae
1089 1585 1127 1629 se
1157 1565 1383 1644 exercuisset,

427 1664 580 1729 instante
616 1664 917 1746 Quadragesimali
960 1673 1124 1747 tempore,
1164 1665 1200 1728 in
1239 1664 1382 1729 civitate

427 1763 620 1828 Wintoniae
645 1784 682 1828 se
709 1764 847 1846 recepit.
902 1764 972 1828 Ubi
994 1764 1075 1826 dum
1096 1763 1222 1848 jeJunii
1243 1769 1381 1846 tempus

428 1863 672 1944 transfugeret,
698 1870 810 1926 certos
831 1863 961 1945 recepit
984 1882 1138 1926 rumores
1161 1862 1203 1926 de
1228 1863 1284 1940 iis,
1301 1882 1382 1944 quae

428 1968 528 2040 gesta
553 1962 686 2025 suntin
710 1961 840 2037 Scotia,
858 1962 895 2025 in
917 1961 1157 2044 praejudicium
1179 1981 1251 2026 suae
1274 1963 1381 2043 regiae

266 2074 374 2126 rama
428 2059 633 2143 majestatis.
685 2059 823 2125 Vocato
848 2061 956 2143 igitur
972 2059 1044 2124 filio
1066 2079 1130 2124 suo
1148 2060 1321 2125 Edwardo
1343 2062 1381 2124 in

265 2127 376 2216 hiliae
429 2156 600 2223 Paschale
626 2178 784 2242 sequens,
812 2179 852 2224 ac
879 2159 1068 2243 majoribus
1089 2158 1241 2241 Angliae,
1268 2167 1380 2224 terras

265 2225 411 2317 ffli'ni'ssssa
427 2257 608 2323 Vascones
630 2259 739 2322 eidem
762 2279 807 2323 ex
829 2259 966 2340 integro
988 2259 1144 2322 contulit·
1158 2265 1193 2323 et
1214 2257 1378 2334 donavit3

427 2357 651 2439 praeconizari
669 2358 773 2422 etiam
795 2358 1015 2422 nihilominus
1031 2357 1121 2435 fecit,
1140 2358 1233 2440 quod
1249 2377 1381 2438 omnes,

428 2457 584 2521 volentes
615 2476 685 2520 una
712 2477 789 2520 cum
820 2457 890 2521 filio
921 2476 985 2521 suo
1017 2456 1197 2520 militarem
1227 2456 1380 2540 recipere

428 2555 593 2634 ordinem,
608 2557 773 2640 impensis
789 2556 949 2639 propriis,
964 2556 999 2618 in
1015 2556 1172 2620 omnibus
1189 2556 1381 2621 exhiberet.

264 2669 301 2759 ξιξ
301 2669 393 2768 2:111pr
429 2653 516 2719 Post
533 2654 670 2721 Pascha
688 2656 796 2720 movit
813 2674 850 2720 se
868 2675 930 2718 rex
948 2675 1069 2719 versus
1087 2654 1292 2720 Londonias.
1303 2675 1382 2720 eur-

266 2769 354 2816 atus
427 2755 581 2832 rizando,
607 2756 690 2838 quia
719 2755 763 2818 ob
789 2755 1035 2831 infirmitatem,
1062 2773 1163 2836 quam
1195 2755 1323 2820 habuit.
1342 2755 1381 2819 in

428 2854 533 2930 tibiis,
551 2873 620 2917 non
636 2853 751 2936 potuit
766 2855 933 2936 equitare.
986 2853 1029 2916 In
1045 2853 1134 2917 festo
1155 2853 1264 2935 igitur
1287 2853 1379 2918 Pen-

427 2959 577 3015 tecostes
594 2972 657 3014 rex
673 2951 779 3015 tilium
798 2972 897 3017 suum
914 2953 1018 3016 armis
1035 2953 1241 3017 militaribus
1256 2953 1381 3032 cinxit,

427 3056 463 3112 et
500 3070 576 3114 cum
621 3070 662 3115 eo
694 3053 837 3116 comites
870 3052 1067 3117 Warenniae
1101 3059 1136 3116 et
1166 3050 1380 3131 Arundeliae,

428 3148 594 3233 aliosque,
612 3170 756 3233 quorum
784 3171 947 3216 numerus
976 3151 1142 3216 ducentos
1169 3159 1204 3216 et
1230 3152 1380 3234 quadra-

427 3249 525 3329 ginta
547 3250 672 3315 dicitur
689 3251 890 3320 excessisse.
945 3249 1076 3314 Eodem
1095 3251 1149 3314 die
1170 3271 1248 3314 cum
1273 3251 1380 3315 sedis-

427 3356 480 3412 set
503 3369 565 3412 rex
592 3351 629 3413 in
657 3368 787 3425 mensa,
817 3351 916 3415 novis
941 3351 1107 3413 militibus
1134 3350 1379 3429 circumdatuS,

426 3447 583 3528 ingressa
613 3449 907 3512 menestrellorum
939 3448 1135 3526 multitudo,
1165 3451 1378 3533 portantium

426 3547 609 3629 multiplici
635 3554 758 3611 ornatu
785 3549 960 3624 amictum,
988 3555 1026 3611 ut
1051 3548 1177 3612 milites
1203 3549 1378 3632 praecipue

426 3664 535 3709 novos
575 3647 763 3712 invitarent
802 3654 837 3711 et
868 3646 1071 3711 inducerent
1105 3647 1150 3711 ad
1183 3649 1379 3714 vovendum

261 3761 362 3800 mares·
423 3744 552 3809 sactum
570 3765 740 3809 armorum
759 3745 899 3829 aliquod
917 3766 1031 3810 coram
1052 3747 1163 3827 signo.
1215 3747 1326 3812 Vovit
1342 3756 1380 3813 et

261 3821 308 3850 νον
319 3811 343 3852 of
425 3845 432 3858 .

260 3871 381 3908 ungam
423 3844 591 3926 imprimis
615 3865 677 3908 rex
711 3845 797 3927 ipse,
823 3846 915 3928 quod
930 3878 932 3883 v
945 3846 1133 3910 vindictam
1161 3847 1308 3929 accipiet
1335 3847 1379 3911 de

259 3910 345 3958 against

259 3959 335 4007 Bruce,
422 3952 622 4028 contemptu
644 3945 744 4009 illato
770 3945 850 4008 Dno
871 3952 907 4009 et
924 3945 1078 4009 eeclesiae
1102 3964 1164 4027 per
1184 3945 1377 4009 Robertum

457 4143 464 4172 ¹
480 4146 525 4192 ‘in
543 4145 650 4206 tristega
668 4146 754 4207 lignea
777 4147 837 4207 lixa,
856 4151 885 4195 ut
946 4142 1026 4194 'The
1037 4144 1125 4198 ,whole
1141 4145 1170 4194 oi
1184 4145 1226 4194 the
1247 4146 1379 4211 following

421 4216 458 4264 sie
470 4230 486 4263 a
496 4216 685 4263 transeuntibus
699 4215 781 4264 videri
797 4220 885 4276 posset
909 4215 1064 4277 paragraph,
1075 4219 1101 4263 to
1122 4215 1288 4264 ‘Edwardus
1307 4218 1377 4267 tilius

420 4289 446 4333 et
458 4284 576 4345 cognosci
585 4278 602 4343 ς’
615 4284 692 4334 Hem.
703 4288 761 4335 221.
895 4286 977 4352 'regis
988 4279 1107 4348 Angliae‚’
1119 4285 1141 4334 is
1152 4285 1216 4334 from
1229 4287 1290 4337 God.
1299 4287 1337 4336 M.
