<?xml version="1.0" encoding="UTF-8"?>
<!DOCTYPE html PUBLIC "-//W3C//DTD XHTML 1.0 Transitional//EN"
    "http://www.w3.org/TR/xhtml1/DTD/xhtml1-transitional.dtd">
<html xmlns="http://www.w3.org/1999/xhtml" xml:lang="en" lang="en">
 <head>
  <title>
</title>
<meta http-equiv="Content-Type" content="text/html;charset=utf-8" />
  <meta name='ocr-system' content='tesseract 3.04.00' />
  <meta name='ocr-capabilities' content='ocr_page ocr_carea ocr_par ocr_line ocrx_word'/>
</head>
<body>
  <div class='ocr_page' id='page_1' title='image "./fnicholaitrivet00socigoog/fnicholaitrivet00socigoog_0194.png"; bbox 0 0 3252 5026; ppageno 0'>
   <div class='ocr_carea' id='block_1_1' title="bbox 281 984 423 1076">
    <p class='ocr_par' dir='ltr' id='par_1_1' title="bbox 281 984 423 1076">
     <span class='ocr_line' id='line_1_1' title="bbox 282 984 423 1026; baseline -0.007 0"><span class='ocrx_word' id='word_1_1' title='bbox 282 987 335 1026; x_wconf 71' lang='lat' dir='ltr'>Ner</span> <span class='ocrx_word' id='word_1_2' title='bbox 343 984 423 1026; x_wconf 84' lang='lat' dir='ltr'>chureh</span> 
     </span>
     <span class='ocr_line' id='line_1_2' title="bbox 281 1035 416 1076; baseline -0.007 -1"><span class='ocrx_word' id='word_1_3' title='bbox 281 1041 303 1075; x_wconf 86' lang='lat' dir='ltr'>at</span> <span class='ocrx_word' id='word_1_4' title='bbox 312 1035 416 1076; x_wconf 76' lang='lat' dir='ltr'>Lumbetlr</span> 
     </span>
    </p>
   </div>
   <div class='ocr_carea' id='block_1_2' title="bbox 810 484 1126 562">
    <p class='ocr_par' dir='ltr' id='par_1_2' title="bbox 810 484 1126 562">
     <span class='ocr_line' id='line_1_3' title="bbox 810 484 1126 562; baseline 0.006 -2"><span class='ocrx_word' id='word_1_5' title='bbox 810 515 883 562; x_wconf 83' lang='lat' dir='ltr'>ruo.</span> <span class='ocrx_word' id='word_1_6' title='bbox 901 514 1048 562; x_wconf 82' lang='lat' dir='ltr'>rarvnrr</span> <span class='ocrx_word' id='word_1_7' title='bbox 1088 527 1091 532; x_wconf 93' lang='lat'>·</span> <span class='ocrx_word' id='word_1_8' title='bbox 1124 484 1126 488; x_wconf 64' lang='grc'><strong>’</strong></span> 
     </span>
    </p>
   </div>
   <div class='ocr_carea' id='block_1_3' title="bbox 704 697 1369 737">
    <p class='ocr_par' dir='ltr' id='par_1_3' title="bbox 704 697 1369 737">
     <span class='ocr_line' id='line_1_4' title="bbox 704 697 1369 737; baseline 0.002 -3"><span class='ocrx_word' id='word_1_9' title='bbox 704 699 729 735; x_wconf 84' lang='grc' dir='ltr'>Ρ.</span> <span class='ocrx_word' id='word_1_10' title='bbox 742 699 905 736; x_wconf 75' lang='lat' dir='ltr'>ROMANOBUM</span> <span class='ocrx_word' id='word_1_11' title='bbox 919 702 944 737; x_wconf 77' lang='lat' dir='ltr'>B·</span> <span class='ocrx_word' id='word_1_12' title='bbox 1036 697 1189 734; x_wconf 68' lang='lat' dir='ltr'>Batauorum</span> <span class='ocrx_word' id='word_1_13' title='bbox 1231 699 1369 735; x_wconf 74' lang='lat' dir='ltr'><strong>ANGLOBUM</strong></span> 
     </span>
    </p>
   </div>
   <div class='ocr_carea' id='block_1_4' title="bbox 490 774 1369 906">
    <p class='ocr_par' dir='ltr' id='par_1_4' title="bbox 490 774 1369 906">
     <span class='ocr_line' id='line_1_5' title="bbox 490 774 1369 906; baseline 0.003 -87"><span class='ocrx_word' id='word_1_14' title='bbox 490 784 597 821; x_wconf 75' lang='lat' dir='ltr'>MGXOIX.</span> <span class='ocrx_word' id='word_1_15' title='bbox 640 781 787 820; x_wconf 71' lang='lat' dir='ltr'>innocuum</span> <span class='ocrx_word' id='word_1_16' title='bbox 798 774 1009 906; x_wconf 47' lang='lat' dir='ltr'>UL³0THONIUK</span> <span class='ocrx_word' id='word_1_17' title='bbox 1043 785 1151 823; x_wconf 77' lang='lat' dir='ltr'>Pururrr</span> <span class='ocrx_word' id='word_1_18' title='bbox 1166 785 1195 822; x_wconf 77' lang='lat' dir='ltr'>u.</span> <span class='ocrx_word' id='word_1_19' title='bbox 1236 786 1339 822; x_wconf 73' lang='lat' dir='ltr'>monum</span> <span class='ocrx_word' id='word_1_20' title='bbox 1350 786 1369 822; x_wconf 81' lang='lat'>1.</span> 
     </span>
     <span class='ocr_line' id='line_1_6' title="bbox 726 844 944 891; baseline 0.009 -2"><span class='ocrx_word' id='word_1_21' title='bbox 726 844 750 891; x_wconf 87' lang='lat'>1.</span> <span class='ocrx_word' id='word_1_22' title='bbox 920 847 944 891; x_wconf 94' lang='lat'>1.</span> 
     </span>
    </p>
   </div>
   <div class='ocr_carea' id='block_1_5' title="bbox 498 973 1402 1065">
    <p class='ocr_par' dir='ltr' id='par_1_5' title="bbox 498 973 1402 1065">
     <span class='ocr_line' id='line_1_7' title="bbox 498 973 1402 1065; baseline -0.001 -26"><span class='ocrx_word' id='word_1_23' title='bbox 498 975 705 1065; x_wconf 27' lang='lat' dir='ltr'>Rronaous&#39;</span> <span class='ocrx_word' id='word_1_24' title='bbox 718 994 780 1039; x_wconf 87' lang='lat' dir='ltr'>rex</span> <span class='ocrx_word' id='word_1_25' title='bbox 798 977 888 1056; x_wconf 91' lang='lat' dir='ltr'>apud</span> <span class='ocrx_word' id='word_1_26' title='bbox 905 973 1133 1040; x_wconf 82' lang='lat' dir='ltr'>Andeliaoum</span> <span class='ocrx_word' id='word_1_27' title='bbox 1152 986 1301 1040; x_wconf 84' lang='lat' dir='ltr'><strong>castrum</strong></span> <span class='ocrx_word' id='word_1_28' title='bbox 1320 995 1402 1039; x_wconf 87' lang='lat' dir='ltr'>con-</span> 
     </span>
    </p>
   </div>
   <div class='ocr_carea' id='block_1_6' title="bbox 281 1069 1402 1158">
    <p class='ocr_par' dir='ltr' id='par_1_6' title="bbox 281 1069 1402 1158">
     <span class='ocr_line' id='line_1_8' title="bbox 281 1069 1402 1158; baseline 0.002 -22"><span class='ocrx_word' id='word_1_29' title='bbox 281 1087 433 1126; x_wconf 70' lang='lat' dir='ltr'>orderedwbe</span> <span class='ocrx_word' id='word_1_30' title='bbox 446 1075 577 1140; x_wconf 76' lang='lat' dir='ltr'><strong>struxit</strong></span> <span class='ocrx_word' id='word_1_31' title='bbox 606 1075 751 1156; x_wconf 78' lang='lat' dir='ltr'><strong>insigne.</strong></span> <span class='ocrx_word' id='word_1_32' title='bbox 805 1069 1004 1140; x_wconf 89' lang='lat' dir='ltr'>¹Hubertus</span> <span class='ocrx_word' id='word_1_33' title='bbox 1037 1075 1314 1158; x_wconf 84' lang='lat' dir='ltr'>archiepiscopus</span> <span class='ocrx_word' id='word_1_34' title='bbox 1346 1094 1402 1138; x_wconf 91' lang='lat' dir='ltr'>ec·</span> 
     </span>
    </p>
   </div>
   <div class='ocr_carea' id='block_1_7' title="bbox 282 1136 419 1177">
    <p class='ocr_par' dir='ltr' id='par_1_7' title="bbox 282 1136 419 1177">
     <span class='ocr_line' id='line_1_9' title="bbox 282 1136 419 1177; baseline -0.007 -2"><span class='ocrx_word' id='word_1_35' title='bbox 282 1136 419 1177; x_wconf 81' lang='lat' dir='ltr'>demollrhed.</span> 
     </span>
    </p>
   </div>
   <div class='ocr_carea' id='block_1_8' title="bbox 446 1173 1403 1952">
    <p class='ocr_par' dir='ltr' id='par_1_8' title="bbox 446 1173 1403 1952">
     <span class='ocr_line' id='line_1_10' title="bbox 446 1173 1400 1257; baseline -0.002 -19"><span class='ocrx_word' id='word_1_36' title='bbox 446 1173 601 1250; x_wconf 88' lang='lat' dir='ltr'>clesiam,</span> <span class='ocrx_word' id='word_1_37' title='bbox 620 1174 656 1236; x_wconf 95' lang='lat' dir='ltr'>in</span> <span class='ocrx_word' id='word_1_38' title='bbox 683 1173 813 1238; x_wconf 90' lang='lat' dir='ltr'>honore</span> <span class='ocrx_word' id='word_1_39' title='bbox 831 1174 924 1239; x_wconf 89' lang='lat' dir='ltr'>beati</span> <span class='ocrx_word' id='word_1_40' title='bbox 939 1175 1083 1239; x_wconf 80' lang='lat' dir='ltr'>Thomas</span> <span class='ocrx_word' id='word_1_41' title='bbox 1106 1176 1285 1239; x_wconf 78' lang='lat' dir='ltr'><strong>fundatam</strong></span> <span class='ocrx_word' id='word_1_42' title='bbox 1308 1175 1400 1257; x_wconf 92' lang='lat' dir='ltr'>apud</span> 
     </span>
     <span class='ocr_line' id='line_1_11' title="bbox 446 1266 1400 1358; baseline -0.002 -22"><span class='ocrx_word' id='word_1_43' title='bbox 446 1266 665 1349; x_wconf 68' lang='lat' dir='ltr'>&#39;Lambetha</span> <span class='ocrx_word' id='word_1_44' title='bbox 689 1292 792 1355; x_wconf 90' lang='lat' dir='ltr'>quam</span> <span class='ocrx_word' id='word_1_45' title='bbox 822 1275 1053 1356; x_wconf 85' lang='lat' dir='ltr'>praedecessor</span> <span class='ocrx_word' id='word_1_46' title='bbox 1077 1274 1154 1358; x_wconf 91' lang='lat' dir='ltr'>ejus</span> <span class='ocrx_word' id='word_1_47' title='bbox 1180 1273 1400 1338; x_wconf 90' lang='lat' dir='ltr'>Baldevvinus</span> 
     </span>
     <span class='ocr_line' id='line_1_12' title="bbox 447 1372 1401 1455; baseline -0.001 -19"><span class='ocrx_word' id='word_1_48' title='bbox 447 1373 683 1448; x_wconf 83' lang='lat' dir='ltr'><strong>inchoaverat,</strong></span> <span class='ocrx_word' id='word_1_49' title='bbox 702 1372 744 1436; x_wconf 92' lang='lat' dir='ltr'>de</span> <span class='ocrx_word' id='word_1_50' title='bbox 761 1373 925 1438; x_wconf 90' lang='lat' dir='ltr'>mandato</span> <span class='ocrx_word' id='word_1_51' title='bbox 941 1374 1069 1438; x_wconf 91' lang='lat' dir='ltr'>domini</span> <span class='ocrx_word' id='word_1_52' title='bbox 1085 1393 1186 1455; x_wconf 87' lang='lat' dir='ltr'>papae</span> <span class='ocrx_word' id='word_1_53' title='bbox 1205 1372 1401 1436; x_wconf 89' lang='lat' dir='ltr'>Innocentii</span> 
     </span>
     <span class='ocr_line' id='line_1_13' title="bbox 448 1470 1402 1554; baseline -0.001 -19"><span class='ocrx_word' id='word_1_54' title='bbox 448 1473 543 1536; x_wconf 84' lang='lat' dir='ltr'>tertii</span> <span class='ocrx_word' id='word_1_55' title='bbox 575 1470 760 1536; x_wconf 91' lang='lat' dir='ltr'>demolitus</span> <span class='ocrx_word' id='word_1_56' title='bbox 792 1479 856 1536; x_wconf 92' lang='lat' dir='ltr'>est.</span> <span class='ocrx_word' id='word_1_57' title='bbox 909 1472 1116 1550; x_wconf 79' lang='lat' dir='ltr'>willelmus,</span> <span class='ocrx_word' id='word_1_58' title='bbox 1150 1491 1275 1554; x_wconf 83' lang='lat' dir='ltr'>genere</span> <span class='ocrx_word' id='word_1_59' title='bbox 1308 1472 1402 1536; x_wconf 87' lang='lat' dir='ltr'>Nor-</span> 
     </span>
     <span class='ocr_line' id='line_1_14' title="bbox 448 1571 1401 1655; baseline -0.002 -20"><span class='ocrx_word' id='word_1_60' title='bbox 448 1590 607 1647; x_wconf 89' lang='lat' dir='ltr'>mannus,</span> <span class='ocrx_word' id='word_1_61' title='bbox 638 1572 676 1636; x_wconf 87' lang='lat' dir='ltr'>fit</span> <span class='ocrx_word' id='word_1_62' title='bbox 705 1571 956 1636; x_wconf 91' lang='lat' dir='ltr'>Londoniensis</span> <span class='ocrx_word' id='word_1_63' title='bbox 983 1573 1176 1655; x_wconf 87' lang='lat' dir='ltr'>episcopus.</span> <span class='ocrx_word' id='word_1_64' title='bbox 1229 1572 1401 1636; x_wconf 86' lang='lat' dir='ltr'>Ricardus</span> 
     </span>
     <span class='ocr_line' id='line_1_15' title="bbox 448 1670 1402 1755; baseline 0 -21"><span class='ocrx_word' id='word_1_65' title='bbox 448 1690 511 1736; x_wconf 90' lang='lat' dir='ltr'>rex</span> <span class='ocrx_word' id='word_1_66' title='bbox 529 1690 606 1734; x_wconf 89' lang='lat' dir='ltr'>oum</span> <span class='ocrx_word' id='word_1_67' title='bbox 625 1670 769 1734; x_wconf 91' lang='lat' dir='ltr'>militem</span> <span class='ocrx_word' id='word_1_68' title='bbox 792 1671 963 1754; x_wconf 88' lang='lat' dir='ltr'>quendam</span> <span class='ocrx_word' id='word_1_69' title='bbox 986 1691 1090 1755; x_wconf 88' lang='lat' dir='ltr'>super</span> <span class='ocrx_word' id='word_1_70' title='bbox 1111 1671 1310 1735; x_wconf 87' lang='lat' dir='ltr'>inventione</span> <span class='ocrx_word' id='word_1_71' title='bbox 1327 1671 1402 1735; x_wconf 91' lang='lat' dir='ltr'>the-</span> 
     </span>
     <span class='ocr_line' id='line_1_16' title="bbox 448 1770 1403 1854; baseline -0.001 -20"><span class='ocrx_word' id='word_1_72' title='bbox 448 1771 543 1834; x_wconf 88' lang='lat' dir='ltr'>sauri</span> <span class='ocrx_word' id='word_1_73' title='bbox 565 1770 748 1835; x_wconf 89' lang='lat' dir='ltr'>convenire</span> <span class='ocrx_word' id='word_1_74' title='bbox 765 1770 943 1847; x_wconf 90' lang='lat' dir='ltr'>voluisset,</span> <span class='ocrx_word' id='word_1_75' title='bbox 967 1791 1068 1854; x_wconf 93' lang='lat' dir='ltr'>quem</span> <span class='ocrx_word' id='word_1_76' title='bbox 1091 1772 1204 1836; x_wconf 90' lang='lat' dir='ltr'>solent</span> <span class='ocrx_word' id='word_1_77' title='bbox 1222 1771 1287 1834; x_wconf 89' lang='lat' dir='ltr'>sibi</span> <span class='ocrx_word' id='word_1_78' title='bbox 1309 1771 1403 1851; x_wconf 87' lang='lat' dir='ltr'>prin-</span> 
     </span>
     <span class='ocr_line' id='line_1_17' title="bbox 449 1869 1402 1952; baseline -0.002 -19"><span class='ocrx_word' id='word_1_79' title='bbox 449 1869 543 1951; x_wconf 87' lang='lat' dir='ltr'>cipes</span> <span class='ocrx_word' id='word_1_80' title='bbox 560 1870 748 1946; x_wconf 89' lang='lat' dir='ltr'>vindicare,</span> <span class='ocrx_word' id='word_1_81' title='bbox 774 1876 937 1952; x_wconf 89' lang='lat' dir='ltr'>tanquam</span> <span class='ocrx_word' id='word_1_82' title='bbox 962 1870 998 1933; x_wconf 91' lang='lat' dir='ltr'>in</span> <span class='ocrx_word' id='word_1_83' title='bbox 1017 1870 1081 1934; x_wconf 89' lang='lat' dir='ltr'>hoc</span> <span class='ocrx_word' id='word_1_84' title='bbox 1107 1871 1157 1934; x_wconf 92' lang='lat' dir='ltr'>eis</span> <span class='ocrx_word' id='word_1_85' title='bbox 1179 1869 1402 1952; x_wconf 84' lang='lat' dir='ltr'>singulariter</span> 
     </span>
    </p>
   </div>
   <div class='ocr_carea' id='block_1_9' title="bbox 413 1968 1400 2051">
    <p class='ocr_par' dir='ltr' id='par_1_9' title="bbox 413 1968 1400 2051">
     <span class='ocr_line' id='line_1_18' title="bbox 413 1968 1400 2051; baseline 0.002 -21"><span class='ocrx_word' id='word_1_86' title='bbox 413 1975 416 1980; x_wconf 87' lang='lat'>&#39;</span> <span class='ocrx_word' id='word_1_87' title='bbox 449 1976 575 2032; x_wconf 90' lang='lat' dir='ltr'>natura</span> <span class='ocrx_word' id='word_1_88' title='bbox 591 1968 775 2045; x_wconf 88' lang='lat' dir='ltr'>deserviat,</span> <span class='ocrx_word' id='word_1_89' title='bbox 792 1971 923 2033; x_wconf 90' lang='lat' dir='ltr'>veritus</span> <span class='ocrx_word' id='word_1_90' title='bbox 945 1970 1003 2034; x_wconf 91' lang='lat' dir='ltr'>ille</span> <span class='ocrx_word' id='word_1_91' title='bbox 1023 1970 1242 2034; x_wconf 86' lang='lat' dir='ltr'>severitatem</span> <span class='ocrx_word' id='word_1_92' title='bbox 1270 1969 1400 2051; x_wconf 89' lang='lat' dir='ltr'>regiam</span> 
     </span>
    </p>
   </div>
   <div class='ocr_carea' id='block_1_10' title="bbox 450 2061 1404 2451">
    <p class='ocr_par' dir='ltr' id='par_1_10' title="bbox 450 2061 1404 2451">
     <span class='ocr_line' id='line_1_19' title="bbox 450 2061 1404 2151; baseline 0 -21"><span class='ocrx_word' id='word_1_93' title='bbox 450 2067 494 2130; x_wconf 91' lang='lat' dir='ltr'>ad</span> <span class='ocrx_word' id='word_1_94' title='bbox 535 2061 788 2132; x_wconf 70' lang='lat' dir='ltr'>³vicecomitem</span> <span class='ocrx_word' id='word_1_95' title='bbox 821 2068 1101 2134; x_wconf 72' lang='lat' dir='ltr'>lemovicensem</span> <span class='ocrx_word' id='word_1_96' title='bbox 1143 2069 1300 2151; x_wconf 81' lang='lat' dir='ltr'>aufugit3</span> <span class='ocrx_word' id='word_1_97' title='bbox 1344 2069 1404 2151; x_wconf 93' lang='lat' dir='ltr'>qui</span> 
     </span>
     <span class='ocr_line' id='line_1_20' title="bbox 450 2168 1403 2249; baseline 0 -19"><span class='ocrx_word' id='word_1_98' title='bbox 450 2174 594 2248; x_wconf 85' lang='lat' dir='ltr'>rogatus</span> <span class='ocrx_word' id='word_1_99' title='bbox 617 2186 742 2249; x_wconf 85' lang='lat' dir='ltr'>aroge</span> <span class='ocrx_word' id='word_1_100' title='bbox 765 2173 804 2230; x_wconf 92' lang='lat' dir='ltr'>ut</span> <span class='ocrx_word' id='word_1_101' title='bbox 824 2168 966 2233; x_wconf 92' lang='lat' dir='ltr'>militem</span> <span class='ocrx_word' id='word_1_102' title='bbox 990 2168 1159 2245; x_wconf 88' lang='lat' dir='ltr'>redderet,</span> <span class='ocrx_word' id='word_1_103' title='bbox 1183 2189 1260 2233; x_wconf 91' lang='lat' dir='ltr'>oum</span> <span class='ocrx_word' id='word_1_104' title='bbox 1282 2187 1403 2249; x_wconf 89' lang='lat' dir='ltr'>parere</span> 
     </span>
     <span class='ocr_line' id='line_1_21' title="bbox 450 2266 1402 2351; baseline 0 -22"><span class='ocrx_word' id='word_1_105' title='bbox 450 2266 675 2348; x_wconf 85' lang='lat' dir='ltr'>neglexisset,</span> <span class='ocrx_word' id='word_1_106' title='bbox 704 2287 766 2330; x_wconf 86' lang='lat' dir='ltr'>rex</span> <span class='ocrx_word' id='word_1_107' title='bbox 798 2274 908 2332; x_wconf 83' lang='lat' dir='ltr'>terras</span> <span class='ocrx_word' id='word_1_108' title='bbox 941 2268 1017 2351; x_wconf 88' lang='lat' dir='ltr'>ejus</span> <span class='ocrx_word' id='word_1_109' title='bbox 1049 2268 1224 2350; x_wconf 88' lang='lat' dir='ltr'>ingressus</span> <span class='ocrx_word' id='word_1_110' title='bbox 1249 2275 1402 2332; x_wconf 90' lang='lat' dir='ltr'>castrum</span> 
     </span>
     <span class='ocr_line' id='line_1_22' title="bbox 452 2358 1404 2451; baseline 0.001 -23"><span class='ocrx_word' id='word_1_111' title='bbox 452 2365 636 2449; x_wconf 89' lang='lat' dir='ltr'>quoddam,</span> <span class='ocrx_word' id='word_1_112' title='bbox 651 2367 743 2448; x_wconf 90' lang='lat' dir='ltr'>quod</span> <span class='ocrx_word' id='word_1_113' title='bbox 756 2358 906 2431; x_wconf 81' lang='lat' dir='ltr'>⁴Caluca</span> <span class='ocrx_word' id='word_1_114' title='bbox 923 2368 1060 2445; x_wconf 88' lang='lat' dir='ltr'>dicitur,</span> <span class='ocrx_word' id='word_1_115' title='bbox 1079 2367 1185 2451; x_wconf 87' lang='lat' dir='ltr'>juxta</span> <span class='ocrx_word' id='word_1_116' title='bbox 1200 2367 1404 2430; x_wconf 82' lang='lat' dir='ltr'>Lemovices</span> 
     </span>
    </p>
   </div>
   <div class='ocr_carea' id='block_1_11' title="bbox 338 2466 1404 2648">
    <p class='ocr_par' dir='ltr' id='par_1_11' title="bbox 338 2466 1404 2648">
     <span class='ocr_line' id='line_1_23' title="bbox 338 2466 1403 2550; baseline 0 -20"><span class='ocrx_word' id='word_1_117' title='bbox 338 2491 351 2530; x_wconf 77' lang='lat' dir='ltr'>r</span> <span class='ocrx_word' id='word_1_118' title='bbox 454 2466 600 2543; x_wconf 92' lang='lat' dir='ltr'>obsedit,</span> <span class='ocrx_word' id='word_1_119' title='bbox 632 2473 667 2530; x_wconf 92' lang='lat' dir='ltr'>et</span> <span class='ocrx_word' id='word_1_120' title='bbox 695 2466 831 2530; x_wconf 85' lang='lat' dir='ltr'>fortiter</span> <span class='ocrx_word' id='word_1_121' title='bbox 863 2468 1090 2550; x_wconf 85' lang='lat' dir='ltr'>impugnavit.</span> <span class='ocrx_word' id='word_1_122' title='bbox 1142 2466 1295 2549; x_wconf 88' lang='lat' dir='ltr'>Septimo</span> <span class='ocrx_word' id='word_1_123' title='bbox 1321 2485 1403 2530; x_wconf 90' lang='lat' dir='ltr'>vero</span> 
     </span>
     <span class='ocr_line' id='line_1_24' title="bbox 402 2564 1404 2648; baseline 0 -20"><span class='ocrx_word' id='word_1_124' title='bbox 402 2589 416 2628; x_wconf 83' lang='lat' dir='ltr'>r</span> <span class='ocrx_word' id='word_1_125' title='bbox 454 2565 519 2629; x_wconf 88' lang='lat' dir='ltr'>cal.</span> <span class='ocrx_word' id='word_1_126' title='bbox 534 2564 679 2648; x_wconf 84' lang='lat' dir='ltr'>Aprilis,</span> <span class='ocrx_word' id='word_1_127' title='bbox 699 2566 780 2629; x_wconf 88' lang='lat' dir='ltr'>dum</span> <span class='ocrx_word' id='word_1_128' title='bbox 804 2575 955 2630; x_wconf 90' lang='lat' dir='ltr'>castrum</span> <span class='ocrx_word' id='word_1_129' title='bbox 976 2566 1224 2631; x_wconf 89' lang='lat' dir='ltr'>considerando</span> <span class='ocrx_word' id='word_1_130' title='bbox 1245 2566 1404 2629; x_wconf 89' lang='lat' dir='ltr'>circuiret</span> 
     </span>
    </p>
   </div>
   <div class='ocr_carea' id='block_1_12' title="bbox 452 2664 1406 3445">
    <p class='ocr_par' dir='ltr' id='par_1_12' title="bbox 452 2664 1406 3445">
     <span class='ocr_line' id='line_1_25' title="bbox 455 2664 1404 2748; baseline -0.002 -20"><span class='ocrx_word' id='word_1_131' title='bbox 455 2665 607 2743; x_wconf 89' lang='lat' dir='ltr'>inermis,</span> <span class='ocrx_word' id='word_1_132' title='bbox 621 2666 735 2729; x_wconf 87' lang='lat' dir='ltr'>subito</span> <span class='ocrx_word' id='word_1_133' title='bbox 753 2666 887 2730; x_wconf 86' lang='lat' dir='ltr'>balistae</span> <span class='ocrx_word' id='word_1_134' title='bbox 904 2665 1024 2748; x_wconf 90' lang='lat' dir='ltr'>jaculo</span> <span class='ocrx_word' id='word_1_135' title='bbox 1044 2667 1080 2728; x_wconf 93' lang='lat' dir='ltr'>in</span> <span class='ocrx_word' id='word_1_136' title='bbox 1104 2665 1246 2730; x_wconf 90' lang='lat' dir='ltr'>humero</span> <span class='ocrx_word' id='word_1_137' title='bbox 1263 2664 1404 2727; x_wconf 89' lang='lat' dir='ltr'>sinistro</span> 
     </span>
     <span class='ocr_line' id='line_1_26' title="bbox 455 2763 1405 2849; baseline 0 -22"><span class='ocrx_word' id='word_1_138' title='bbox 455 2763 551 2829; x_wconf 90' lang='lat' dir='ltr'>letali</span> <span class='ocrx_word' id='word_1_139' title='bbox 573 2764 768 2828; x_wconf 89' lang='lat' dir='ltr'>confoditur</span> <span class='ocrx_word' id='word_1_140' title='bbox 783 2765 934 2828; x_wconf 89' lang='lat' dir='ltr'>vulnere.</span> <span class='ocrx_word' id='word_1_141' title='bbox 981 2765 1156 2849; x_wconf 88' lang='lat' dir='ltr'>Incipiens</span> <span class='ocrx_word' id='word_1_142' title='bbox 1179 2772 1294 2829; x_wconf 89' lang='lat' dir='ltr'>autem</span> <span class='ocrx_word' id='word_1_143' title='bbox 1317 2765 1405 2844; x_wconf 89' lang='lat' dir='ltr'>peri-</span> 
     </span>
     <span class='ocr_line' id='line_1_27' title="bbox 456 2859 1405 2936; baseline 0 -10"><span class='ocrx_word' id='word_1_144' title='bbox 456 2863 580 2936; x_wconf 88' lang='lat' dir='ltr'>clitari,</span> <span class='ocrx_word' id='word_1_145' title='bbox 608 2870 677 2926; x_wconf 89' lang='lat' dir='ltr'>tres</span> <span class='ocrx_word' id='word_1_146' title='bbox 700 2863 830 2926; x_wconf 89' lang='lat' dir='ltr'>ordinis</span> <span class='ocrx_word' id='word_1_147' title='bbox 853 2863 1093 2929; x_wconf 76' lang='lat' dir='ltr'>cisterciensis</span> <span class='ocrx_word' id='word_1_148' title='bbox 1115 2859 1317 2929; x_wconf 87' lang='lat' dir='ltr'>⁵accersisse</span> <span class='ocrx_word' id='word_1_149' title='bbox 1338 2862 1405 2926; x_wconf 89' lang='lat' dir='ltr'>fer-</span> 
     </span>
     <span class='ocr_line' id='line_1_28' title="bbox 456 2962 1404 3047; baseline -0.001 -22"><span class='ocrx_word' id='word_1_150' title='bbox 456 2969 514 3025; x_wconf 90' lang='lat' dir='ltr'>tur</span> <span class='ocrx_word' id='word_1_151' title='bbox 535 2963 689 3038; x_wconf 78' lang='lat' dir='ltr'>abbateS,</span> <span class='ocrx_word' id='word_1_152' title='bbox 713 2962 836 3046; x_wconf 85' lang='lat' dir='ltr'>quibus</span> <span class='ocrx_word' id='word_1_153' title='bbox 858 2965 974 3027; x_wconf 91' lang='lat' dir='ltr'>omnia</span> <span class='ocrx_word' id='word_1_154' title='bbox 988 2973 1131 3047; x_wconf 89' lang='lat' dir='ltr'>peccata</span> <span class='ocrx_word' id='word_1_155' title='bbox 1148 2983 1213 3028; x_wconf 91' lang='lat' dir='ltr'>sua</span> <span class='ocrx_word' id='word_1_156' title='bbox 1228 2962 1404 3028; x_wconf 90' lang='lat' dir='ltr'>confessus</span> 
     </span>
     <span class='ocr_line' id='line_1_29' title="bbox 456 3062 1406 3142; baseline 0 -18"><span class='ocrx_word' id='word_1_157' title='bbox 456 3070 511 3125; x_wconf 88' lang='lat' dir='ltr'>est</span> <span class='ocrx_word' id='word_1_158' title='bbox 544 3081 620 3125; x_wconf 94' lang='lat' dir='ltr'>cum</span> <span class='ocrx_word' id='word_1_159' title='bbox 652 3062 805 3142; x_wconf 91' lang='lat' dir='ltr'>singultu</span> <span class='ocrx_word' id='word_1_160' title='bbox 837 3071 872 3127; x_wconf 89' lang='lat' dir='ltr'>et</span> <span class='ocrx_word' id='word_1_161' title='bbox 900 3062 995 3127; x_wconf 87' lang='lat' dir='ltr'>fietu.</span> <span class='ocrx_word' id='word_1_162' title='bbox 1047 3063 1145 3142; x_wconf 83' lang='lat' dir='ltr'>Quos</span> <span class='ocrx_word' id='word_1_163' title='bbox 1175 3083 1251 3127; x_wconf 93' lang='lat' dir='ltr'>cum</span> <span class='ocrx_word' id='word_1_164' title='bbox 1281 3063 1325 3125; x_wconf 95' lang='lat' dir='ltr'>ad</span> <span class='ocrx_word' id='word_1_165' title='bbox 1354 3063 1406 3124; x_wconf 91' lang='lat' dir='ltr'>iu·</span> 
     </span>
     <span class='ocr_line' id='line_1_30' title="bbox 452 3159 1403 3245; baseline 0 -22"><span class='ocrx_word' id='word_1_166' title='bbox 452 3159 667 3243; x_wconf 91' lang='lat' dir='ltr'>jungendam</span> <span class='ocrx_word' id='word_1_167' title='bbox 689 3162 752 3225; x_wconf 89' lang='lat' dir='ltr'>sibi</span> <span class='ocrx_word' id='word_1_168' title='bbox 778 3161 833 3226; x_wconf 94' lang='lat' dir='ltr'>vel</span> <span class='ocrx_word' id='word_1_169' title='bbox 860 3162 1140 3227; x_wconf 90' lang='lat' dir='ltr'>innotescendam</span> <span class='ocrx_word' id='word_1_170' title='bbox 1165 3161 1403 3245; x_wconf 90' lang='lat' dir='ltr'>poenitentiam</span> 
     </span>
     <span class='ocr_line' id='line_1_31' title="bbox 456 3259 1406 3346; baseline 0.002 -24"><span class='ocrx_word' id='word_1_171' title='bbox 456 3259 642 3325; x_wconf 89' lang='lat' dir='ltr'>salutarem</span> <span class='ocrx_word' id='word_1_172' title='bbox 671 3269 826 3326; x_wconf 87' lang='lat' dir='ltr'>cerneret</span> <span class='ocrx_word' id='word_1_173' title='bbox 854 3262 1078 3346; x_wconf 88' lang='lat' dir='ltr'>stupefactos,</span> <span class='ocrx_word' id='word_1_174' title='bbox 1109 3263 1209 3338; x_wconf 84' lang='lat' dir='ltr'>dixit,</span> <span class='ocrx_word' id='word_1_175' title='bbox 1236 3261 1308 3325; x_wconf 89' lang='lat' dir='ltr'>‘Ut</span> <span class='ocrx_word' id='word_1_176' title='bbox 1332 3260 1406 3343; x_wconf 91' lang='lat' dir='ltr'>pla-</span> 
     </span>
     <span class='ocr_line' id='line_1_32' title="bbox 455 3360 1402 3445; baseline -0.002 -22"><span class='ocrx_word' id='word_1_177' title='bbox 455 3367 553 3424; x_wconf 89' lang='lat' dir='ltr'>cetur</span> <span class='ocrx_word' id='word_1_178' title='bbox 575 3360 693 3445; x_wconf 88' lang='lat' dir='ltr'>justus</span> <span class='ocrx_word' id='word_1_179' title='bbox 716 3360 834 3426; x_wconf 85' lang='lat' dir='ltr'>Judex</span> <span class='ocrx_word' id='word_1_180' title='bbox 861 3362 979 3440; x_wconf 74' lang='lat' dir='ltr'>Daue,</span> <span class='ocrx_word' id='word_1_181' title='bbox 1001 3381 1139 3445; x_wconf 89' lang='lat' dir='ltr'>poenam</span> <span class='ocrx_word' id='word_1_182' title='bbox 1168 3360 1402 3445; x_wconf 84' lang='lat' dir='ltr'>purgatoriam</span> 
     </span>
    </p>
   </div>
   <div class='ocr_carea' id='block_1_13' title="bbox 455 3580 1461 4338">
    <p class='ocr_par' dir='ltr' id='par_1_13' title="bbox 455 3580 1461 4338">
     <span class='ocr_line' id='line_1_33' title="bbox 490 3580 1406 3648; baseline 0 -15"><span class='ocrx_word' id='word_1_183' title='bbox 490 3580 499 3614; x_wconf 91' lang='lat'>¹</span> <span class='ocrx_word' id='word_1_184' title='bbox 518 3581 715 3646; x_wconf 85' lang='lat' dir='ltr'>‘Humbertus;’</span> <span class='ocrx_word' id='word_1_185' title='bbox 727 3581 795 3636; x_wconf 79' lang='lat' dir='ltr'><strong><em>D’A.</em></strong></span> <span class='ocrx_word' id='word_1_186' title='bbox 976 3583 987 3614; x_wconf 80' lang='lat'><strong>³</strong></span> <span class='ocrx_word' id='word_1_187' title='bbox 1003 3587 1123 3648; x_wconf 80' lang='lat' dir='ltr'>Namely,</span> <span class='ocrx_word' id='word_1_188' title='bbox 1138 3585 1269 3646; x_wconf 86' lang='lat' dir='ltr'>Vidamar,</span> <span class='ocrx_word' id='word_1_189' title='bbox 1290 3584 1406 3634; x_wconf 84' lang='lat' dir='ltr'>viscount</span> 
     </span>
     <span class='ocr_line' id='line_1_34' title="bbox 491 3649 1105 3718; baseline 0.003 -15"><span class='ocrx_word' id='word_1_190' title='bbox 491 3649 525 3681; x_wconf 49' lang='grc' dir='ltr'><strong><em>ἰ</em></strong></span> <span class='ocrx_word' id='word_1_191' title='bbox 541 3654 679 3704; x_wconf 82' lang='lat' dir='ltr'>Lamhethe</span> <span class='ocrx_word' id='word_1_192' title='bbox 691 3656 712 3716; x_wconf 84' lang='lat'>;&#39;</span> <span class='ocrx_word' id='word_1_193' title='bbox 749 3657 809 3706; x_wconf 80' lang='lat' dir='ltr'>cod.</span> <span class='ocrx_word' id='word_1_194' title='bbox 832 3657 917 3717; x_wconf 58' lang='lat' dir='ltr'>Regu:</span> <span class='ocrx_word' id='word_1_195' title='bbox 941 3656 971 3705; x_wconf 81' lang='lat' dir='ltr'>ol</span> <span class='ocrx_word' id='word_1_196' title='bbox 978 3656 1105 3718; x_wconf 82' lang='lat' dir='ltr'>Limoges.</span> 
     </span>
     <span class='ocr_line' id='line_1_35' title="bbox 455 3722 918 3786; baseline 0.004 -15"><span class='ocrx_word' id='word_1_197' title='bbox 455 3722 600 3786; x_wconf 81' lang='lat' dir='ltr'>‘Lamheye</span> <span class='ocrx_word' id='word_1_198' title='bbox 609 3722 625 3784; x_wconf 90' lang='lat'>;’</span> <span class='ocrx_word' id='word_1_199' title='bbox 637 3726 677 3774; x_wconf 90' lang='lat' dir='ltr'>M.</span> <span class='ocrx_word' id='word_1_200' title='bbox 689 3730 714 3773; x_wconf 89' lang='lat' dir='ltr'>et</span> <span class='ocrx_word' id='word_1_201' title='bbox 724 3725 771 3774; x_wconf 78' lang='lat' dir='ltr'>Ar.</span> <span class='ocrx_word' id='word_1_202' title='bbox 794 3725 918 3786; x_wconf 82' lang='lat' dir='ltr'>Compare</span> 
     </span>
     <span class='ocr_line' id='line_1_36' title="bbox 455 3789 1405 3855; baseline 0.002 -15"><span class='ocrx_word' id='word_1_203' title='bbox 455 3791 557 3853; x_wconf 89' lang='lat' dir='ltr'>Diceto,</span> <span class='ocrx_word' id='word_1_204' title='bbox 575 3794 625 3843; x_wconf 90' lang='lat' dir='ltr'>col.</span> <span class='ocrx_word' id='word_1_205' title='bbox 643 3798 701 3855; x_wconf 77' lang='lat'>⁷05,</span> <span class='ocrx_word' id='word_1_206' title='bbox 719 3793 782 3842; x_wconf 88' lang='lat' dir='ltr'>with</span> <span class='ocrx_word' id='word_1_207' title='bbox 804 3799 862 3843; x_wconf 84' lang='lat' dir='ltr'>ante</span> <span class='ocrx_word' id='word_1_208' title='bbox 885 3795 919 3844; x_wconf 86' lang='lat' dir='ltr'>ad</span> <span class='ocrx_word' id='word_1_209' title='bbox 975 3792 1146 3844; x_wconf 84' lang='lat' dir='ltr'>⁴‘Chalouns</span> <span class='ocrx_word' id='word_1_210' title='bbox 1154 3789 1168 3854; x_wconf 89' lang='lat'>;’</span> <span class='ocrx_word' id='word_1_211' title='bbox 1180 3794 1223 3843; x_wconf 85' lang='lat' dir='ltr'>Fr.</span> <span class='ocrx_word' id='word_1_212' title='bbox 1231 3793 1273 3844; x_wconf 81' lang='lat' dir='ltr'>Tr.</span> <span class='ocrx_word' id='word_1_213' title='bbox 1298 3792 1405 3842; x_wconf 82' lang='lat' dir='ltr'>Ohaluz.</span> 
     </span>
     <span class='ocr_line' id='line_1_37' title="bbox 455 3862 1409 3925; baseline 0 -15"><span class='ocrx_word' id='word_1_214' title='bbox 455 3877 514 3911; x_wconf 84' lang='lat' dir='ltr'>ann.</span> <span class='ocrx_word' id='word_1_215' title='bbox 527 3867 600 3913; x_wconf 81' lang='lat' dir='ltr'>usa.</span> <span class='ocrx_word' id='word_1_216' title='bbox 641 3865 695 3912; x_wconf 73' lang='lat' dir='ltr'>&#39;l&#39;lre</span> <span class='ocrx_word' id='word_1_217' title='bbox 708 3869 831 3925; x_wconf 84' lang='lat' dir='ltr'>apparent</span> <span class='ocrx_word' id='word_1_218' title='bbox 842 3879 918 3912; x_wconf 84' lang='lat' dir='ltr'>cause</span> <span class='ocrx_word' id='word_1_219' title='bbox 943 3865 1045 3925; x_wconf 88' lang='lat' dir='ltr'>Diceto,</span> <span class='ocrx_word' id='word_1_220' title='bbox 1064 3865 1112 3913; x_wconf 92' lang='lat' dir='ltr'>col.</span> <span class='ocrx_word' id='word_1_221' title='bbox 1132 3868 1190 3924; x_wconf 74' lang='lat'>705,</span> <span class='ocrx_word' id='word_1_222' title='bbox 1209 3864 1260 3912; x_wconf 88' lang='lat' dir='ltr'>and</span> <span class='ocrx_word' id='word_1_223' title='bbox 1280 3863 1364 3924; x_wconf 82' lang='lat' dir='ltr'>Roger</span> <span class='ocrx_word' id='word_1_224' title='bbox 1379 3862 1409 3910; x_wconf 83' lang='lat' dir='ltr'>os</span> 
     </span>
     <span class='ocr_line' id='line_1_38' title="bbox 455 3931 1461 3996; baseline 0.001 -17"><span class='ocrx_word' id='word_1_225' title='bbox 455 3931 494 3980; x_wconf 83' lang='lat' dir='ltr'>lor</span> <span class='ocrx_word' id='word_1_226' title='bbox 505 3933 538 3980; x_wconf 85' lang='lat' dir='ltr'>its</span> <span class='ocrx_word' id='word_1_227' title='bbox 555 3933 701 3982; x_wconf 86' lang='lat' dir='ltr'>demolition</span> <span class='ocrx_word' id='word_1_228' title='bbox 719 3948 800 3982; x_wconf 86' lang='lat' dir='ltr'>seems</span> <span class='ocrx_word' id='word_1_229' title='bbox 813 3940 839 3982; x_wconf 91' lang='lat' dir='ltr'>to</span> <span class='ocrx_word' id='word_1_230' title='bbox 854 3934 918 3982; x_wconf 85' lang='lat' dir='ltr'>have</span> <span class='ocrx_word' id='word_1_231' title='bbox 943 3934 1094 3994; x_wconf 87' lang='lat' dir='ltr'>Wendover,</span> <span class='ocrx_word' id='word_1_232' title='bbox 1102 3934 1256 3996; x_wconf 78' lang='lat' dir='ltr'>iii.135‚say</span> <span class='ocrx_word' id='word_1_233' title='bbox 1263 3933 1305 3982; x_wconf 91' lang='lat' dir='ltr'>the</span> <span class='ocrx_word' id='word_1_234' title='bbox 1312 3933 1406 3982; x_wconf 88' lang='lat' dir='ltr'>wound</span> <span class='ocrx_word' id='word_1_235' title='bbox 1460 3953 1461 3956; x_wconf 41' lang='lat'>¹</span> 
     </span>
     <span class='ocr_line' id='line_1_39' title="bbox 456 4001 1406 4064; baseline 0.001 -15"><span class='ocrx_word' id='word_1_236' title='bbox 456 4001 539 4049; x_wconf 83' lang='lat' dir='ltr'>arisen</span> <span class='ocrx_word' id='word_1_237' title='bbox 555 4003 618 4051; x_wconf 82' lang='lat' dir='ltr'>from</span> <span class='ocrx_word' id='word_1_238' title='bbox 635 4003 689 4052; x_wconf 81' lang='lat' dir='ltr'>sear</span> <span class='ocrx_word' id='word_1_239' title='bbox 703 4003 752 4051; x_wconf 87' lang='lat' dir='ltr'>lest</span> <span class='ocrx_word' id='word_1_240' title='bbox 767 4002 809 4051; x_wconf 88' lang='lat' dir='ltr'>the</span> <span class='ocrx_word' id='word_1_241' title='bbox 825 4007 879 4052; x_wconf 87' lang='lat' dir='ltr'>seat</span> <span class='ocrx_word' id='word_1_242' title='bbox 894 4003 922 4052; x_wconf 86' lang='lat' dir='ltr'>ol</span> <span class='ocrx_word' id='word_1_243' title='bbox 943 4019 998 4053; x_wconf 81' lang='lat' dir='ltr'>was</span> <span class='ocrx_word' id='word_1_244' title='bbox 1009 4004 1120 4052; x_wconf 85' lang='lat' dir='ltr'>inflicted</span> <span class='ocrx_word' id='word_1_245' title='bbox 1131 4004 1295 4064; x_wconf 79' lang='lat' dir='ltr'>byanarrow</span> <span class='ocrx_word' id='word_1_246' title='bbox 1304 4002 1361 4050; x_wconf 87' lang='lat' dir='ltr'>shot</span> <span class='ocrx_word' id='word_1_247' title='bbox 1372 4003 1406 4062; x_wconf 86' lang='lat' dir='ltr'>by</span> 
     </span>
     <span class='ocr_line' id='line_1_40' title="bbox 456 4069 1113 4132; baseline 0.008 -15"><span class='ocrx_word' id='word_1_248' title='bbox 456 4069 498 4118; x_wconf 86' lang='lat' dir='ltr'>the</span> <span class='ocrx_word' id='word_1_249' title='bbox 513 4072 663 4132; x_wconf 86' lang='lat' dir='ltr'>archbishop</span> <span class='ocrx_word' id='word_1_250' title='bbox 681 4072 773 4120; x_wconf 86' lang='lat' dir='ltr'>should</span> <span class='ocrx_word' id='word_1_251' title='bbox 791 4074 821 4120; x_wconf 91' lang='lat' dir='ltr'>be</span> <span class='ocrx_word' id='word_1_252' title='bbox 837 4077 919 4121; x_wconf 86' lang='lat' dir='ltr'>trans·</span> <span class='ocrx_word' id='word_1_253' title='bbox 943 4075 1020 4123; x_wconf 84' lang='lat' dir='ltr'>Peter</span> <span class='ocrx_word' id='word_1_254' title='bbox 1032 4074 1113 4122; x_wconf 82' lang='lat' dir='ltr'>Basil.</span> 
     </span>
     <span class='ocr_line' id='line_1_41' title="bbox 456 4138 920 4203; baseline 0.009 -16"><span class='ocrx_word' id='word_1_255' title='bbox 456 4138 538 4187; x_wconf 75' lang='lat' dir='ltr'>sarred</span> <span class='ocrx_word' id='word_1_256' title='bbox 554 4141 615 4189; x_wconf 84' lang='lat' dir='ltr'>from</span> <span class='ocrx_word' id='word_1_257' title='bbox 633 4140 792 4203; x_wconf 82' lang='lat' dir='ltr'>Canterbury</span> <span class='ocrx_word' id='word_1_258' title='bbox 804 4146 830 4190; x_wconf 92' lang='lat' dir='ltr'>to</span> <span class='ocrx_word' id='word_1_259' title='bbox 847 4143 920 4191; x_wconf 84' lang='lat' dir='ltr'>Lam·</span> 
     </span>
     <span class='ocr_line' id='line_1_42' title="bbox 456 4207 1407 4274; baseline 0 -16"><span class='ocrx_word' id='word_1_260' title='bbox 456 4207 532 4268; x_wconf 83' lang='lat' dir='ltr'>beth3</span> <span class='ocrx_word' id='word_1_261' title='bbox 558 4209 642 4270; x_wconf 74' lang='lat' dir='ltr'>Roget</span> <span class='ocrx_word' id='word_1_262' title='bbox 663 4210 693 4258; x_wconf 86' lang='lat' dir='ltr'>of</span> <span class='ocrx_word' id='word_1_263' title='bbox 710 4211 862 4274; x_wconf 88' lang='lat' dir='ltr'>Wendover,</span> <span class='ocrx_word' id='word_1_264' title='bbox 884 4212 921 4261; x_wconf 90' lang='lat' dir='ltr'>iii.</span> <span class='ocrx_word' id='word_1_265' title='bbox 977 4209 1050 4260; x_wconf 74' lang='lat' dir='ltr'>‘All</span> <span class='ocrx_word' id='word_1_266' title='bbox 1070 4210 1112 4260; x_wconf 86' lang='lat' dir='ltr'>the</span> <span class='ocrx_word' id='word_1_267' title='bbox 1131 4211 1207 4261; x_wconf 82' lang='lat' dir='ltr'>MSS.</span> <span class='ocrx_word' id='word_1_268' title='bbox 1224 4210 1288 4259; x_wconf 83' lang='lat' dir='ltr'>have</span> <span class='ocrx_word' id='word_1_269' title='bbox 1304 4211 1407 4259; x_wconf 77' lang='lat' dir='ltr'>‘acces-</span> 
     </span>
     <span class='ocr_line' id='line_1_43' title="bbox 459 4277 1025 4338; baseline 0.007 -13"><span class='ocrx_word' id='word_1_270' title='bbox 459 4281 515 4338; x_wconf 78' lang='lat'>128,</span> <span class='ocrx_word' id='word_1_271' title='bbox 527 4281 583 4328; x_wconf 75' lang='lat'><strong>129.</strong></span> <span class='ocrx_word' id='word_1_272' title='bbox 943 4277 1025 4330; x_wconf 66' lang='lat' dir='ltr'>sisse!</span> 
     </span>
    </p>
   </div>
   <div class='ocr_carea' id='block_1_14' title="bbox 0 0 1646 5026">
    <p class='ocr_par' dir='ltr' id='par_1_14' title="bbox 0 0 1646 5026">
     <span class='ocr_line' id='line_1_44' title="bbox 0 0 1646 5026; baseline 0 0"><span class='ocrx_word' id='word_1_273' title='bbox 0 0 1646 5026; x_wconf 95' lang='lat' dir='ltr'> </span> 
     </span>
    </p>
   </div>
  </div>
 </body>
</html>
