3226 5020
616 474 795 522 nuunnns
1116 459 1183 524 265

226 631 372 696 foederat
397 637 433 694 et
453 630 606 715 subjicit,
628 650 705 695 cum
730 633 829 714 pagis
849 639 882 695 et
903 630 1008 708 villis,
1030 632 1206 696 civitati-⁸
1205 647 1289 735 ιᾱιιῑιι

226 731 290 795 bus
309 739 343 795 et
361 731 538 794 castellis:
566 731 682 794 villam
710 732 814 794 etiam
842 730 1052 808 Gloverniae,
1076 750 1233 814 quam0
1194 700 1283 788 'eiillel‘l
1234 751 1342 836 uekterit

227 851 336 913 nuper
357 849 472 894 comes
495 830 625 913 Symon
645 831 773 912 optime
795 831 975 905 munierat,
1000 850 1181 914 expugna·
1193 799 1266 838 “du

228 931 277 994 vit
301 937 335 995 et
355 931 458 1012 cepit,
481 929 692 1012 fugientibus
712 929 754 992 ad
773 942 928 1004 ‚castrum
957 931 1180 1009 custodibus3

227 1031 286 1112 qui
312 1036 392 1112 post
414 1030 487 1093 dies
510 1028 702 1111 quindecim
727 1030 860 1094 reddito
882 1037 1009 1106 castro,
1033 1037 1068 1094 et
1091 1049 1181 1111 prae·

228 1130 312 1192 stito
338 1117 537 1212 juramento
571 1128 662 1210 quod
697 1136 818 1193 contra
848 1128 1056 1193 Edwardum
1084 1148 1182 1193 arma

227 1228 270 1292 de
289 1234 403 1292 cetero
427 1247 496 1292 non
519 1235 709 1310 portarent,
731 1229 830 1292 liberi
844 1228 1073 1292 dimittuntur.
1114 1227 1180 1292 Co·

228 1347 300 1390 mes
326 1347 409 1392 vero
436 1326 633 1391 Leicestriae
661 1335 811 1391 castrum
836 1328 1061 1404 Monemutae,
1086 1328 1180 1409 quod

226 1446 341 1492 comes
375 1426 574 1491 Gloverniae
616 1447 725 1510 nuper
760 1435 899 1510 ceperat
931 1435 966 1491 et
998 1429 1180 1504 munierat,

227 1527 356 1591 coactis
379 1526 423 1590 ad
443 1526 651 1590 deditionem
673 1527 884 1606 custodibus,
905 1527 947 1590 ad
968 1527 1079 1590 solum
1104 1545 1181 1608 pro

226 1627 373 1703 stravit;
410 1626 655 1708 ingressusque
687 1634 814 1690 terram
846 1626 998 1710 ejusdem
1036 1626 1180 1704 comitis,

228 1745 306 1808 qnae
324 1719 610 1807 ¹Glomorganoia
626 1726 764 1802 dicitur,
781 1733 981 1790 occurrente
997 1725 1062 1788 sibi
1086 1726 1180 1807 prin·

227 1827 303 1907 cipe
333 1824 472 1890 Walliae
503 1826 540 1889 in
571 1825 772 1900 subsidium,
805 1825 921 1888 omnia
950 1825 1103 1889 vastarit
1130 1825 1180 1888 in·

228 1924 348 1988 cendio
366 1933 471 2007 atque
485 1922 590 1988 caede.
645 1924 788 1988 Interim
805 1945 887 1990 vero
908 1924 1099 1988 Edwardus
1121 1944 1180 1987 au-

227 2025 324 2088 diens
353 2023 445 2106 quod
469 2023 568 2087 multi
591 2023 634 2088 de
660 2032 759 2105 parte
786 2024 922 2088 comitis
949 2024 1107 2106 Symonis
1134 2023 1178 2087 ad

228 2132 378 2188 castrum
417 2124 508 2206 quod
543 2121 761 2187 Kenilworth
796 2122 922 2188 dicitur
954 2123 1180 2201 confluerent,

228 2223 391 2307 adjuncto
406 2223 472 2286 sibi
489 2225 613 2288 comite
623 2222 831 2298 Glovemiae‚
846 2242 924 2287 sero
940 2223 983 2286 de
999 2223 1181 2304 Wigornia

226 2323 308 2387 illuc
332 2323 487 2400 tendens,
519 2324 695 2404 citatoque
725 2322 835 2404 gradu
869 2323 984 2386 subito
1017 2341 1178 2404 superve-

228 2424 338 2500 niens
355 2423 447 2506 cepit
466 2423 624 2486 comitem
642 2422 788 2487 Oxoniae
804 2441 882 2486 curn
899 2421 1064 2485 militibus
1081 2415 1181 2486 ²vex-

227 2522 360 2586 illiseris
373 2523 509 2586 circiter
527 2523 689 2586 tredecim
705 2531 889 2604 antequam
901 2529 1052 2585 castrum
1065 2529 1181 2587 essent

189 2667 197 2680 .
227 2623 386 2703 ingressi,
403 2623 438 2685 in
456 2641 526 2705 quo
549 2641 586 2685 se
603 2622 679 2706 jam
701 2629 878 2703 receperat
901 2621 1029 2706 Symon
1045 2621 1180 2684 comitis

229 2715 389 2804 Symonis
407 2721 506 2784 filius.

277 2821 407 2904 Symon
423 2838 549 2884 comes
555 2820 752 2885 Leicestriae
767 2841 883 2902 regem
900 2840 1035 2902 semper
1048 2819 1180 2884 habens
1193 2835 1245 2876 arv
1245 2833 1301 2875 nro·

228 2921 263 2984 in
284 2939 348 2984 sna
368 2920 543 2997 comitiva,
567 2920 610 2984 de
629 2921 774 2985 australi
790 2920 921 2985 Wallia
945 2938 1115 2998 reversus,
1144 2921 1179 2984 in
1192 2897 1284 2926 'm

228 3020 316 3084 festo
348 3020 382 3083 S.
408 3019 504 3083 Petri
537 3019 581 3082 ad
617 3020 755 3084 vincula
789 3021 885 3085 venit
919 3021 961 3085 ad
991 3021 1180 3084 manerium

228 3119 480 3201 wigorniensis
507 3120 672 3202 episcopi,
700 3119 792 3202 quod
820 3117 1016 3202 Kemeseya
1044 3120 1180 3197 dicitur,

226 3228 264 3283 et
288 3219 413 3284 ibidem
435 3220 470 3282 in
493 3220 643 3283 crastino
665 3220 875 3284 morabatur.
921 3219 1115 3283 Edwardus
1138 3218 1180 3283 de

230 3317 468 3382 Kenilworthe
490 3318 590 3382 rediit
611 3318 841 3399 Wigorniam,
863 3337 941 3401 qnae
964 3338 986 3382 a
1014 3318 1180 3400 praedicto

228 3418 380 3484 manerio
394 3418 501 3482 distat
517 3417 718 3482 milliaribus
740 3426 874 3482 tantum
897 3419 1017 3482 tribus.
1070 3416 1180 3500 Cujus

229 3518 378 3583 adventu
395 3518 544 3599 cognito,
563 3537 677 3582 comes
701 3517 830 3600 Symon
852 3536 927 3582 cum
954 3537 1033 3598 rege
1050 3517 1085 3579 in
1103 3517 1179 3599 ipso

228 3619 338 3682 noctis
377 3617 579 3700 crepusculo
619 3617 809 3695 discedens,
850 3618 884 3680 in
923 3617 1049 3698 oppido
1087 3617 1180 3699 quod

163 3725 169 3752 ¹
229 3717 401 3781 Evesham
422 3717 548 3781 dicitnr
570 3717 643 3780 fato
662 3717 818 3782 substitit
833 3716 971 3780 infelici.
1024 3715 1066 3778 In
1089 3734 1180 3778 cras-

229 3820 301 3881 tino
329 3836 490 3899 namque,
516 3817 574 3898 qui
603 3824 678 3880 erat
706 3817 779 3881 dies
808 3810 1024 3880 Inventionis
1054 3815 1089 3881 S.
1106 3814 1180 3879 Ste-

228 3917 343 4001 phani,
365 3916 557 3980 Edwardus
578 3936 720 3980 movens
738 3916 835 3981 sede
852 3915 1047 3998 Wigornia,
1065 3924 1179 3979 trans-

265 4173 271 4202 ¹
290 4176 506 4239 ‘Glomergancia
516 4171 532 4236 ς’
547 4176 693 4236 Cod.ltrg.:
754 4173 764 4202 ⁹
780 4175 935 4226 ‘vexillariis
943 4173 962 4234 ;’
973 4175 1012 4224 M.
1027 4177 1050 4222 et
1063 4173 1111 4224 Ar.

230 4246 272 4296 the
284 4247 356 4296 other
368 4247 444 4296 MSS.
452 4246 486 4318 ¹es
498 4248 524 4295 in
536 4247 578 4295 the
590 4250 652 4295 text.
