3180 5026
454 511 476 574 2
803 531 878 578 uro.
904 531 1053 579 ‘rarvn‘rr

454 690 568 748 torum
597 685 697 768 copia
719 684 938 768 scriptorum,
960 686 1021 769 qui
1046 683 1310 750 victoriosorum
1340 703 1408 747 me-

453 784 596 848 moriam
620 784 799 849 titulorum
820 792 1077 869 perpetuarent,
1099 785 1296 847 nullatenus
1313 783 1407 846 adee-

454 884 587 964 quovit.
634 883 767 948 Ceteris
785 890 901 948 autem
918 891 1085 948 terrarum
1100 883 1309 960 nationibus,
1325 881 1408 945 licet

455 989 526 1045 tam
543 981 674 1064 inclyta
697 980 868 1046 scribendi
889 983 1047 1057 materia,
1071 989 1200 1046 ettam
1224 980 1406 1063 multiplex

454 1099 524 1143 non
547 1080 696 1157 affuerit,
719 1081 935 1163 propagandi
955 1088 1072 1144 tamen
1094 1081 1241 1145 nominis
1259 1079 1409 1143 sollicita

454 1179 594 1242 minime
623 1177 731 1243 defuit
760 1178 951 1261 diligentia,
983 1199 1053 1262 qna
1085 1178 1302 1262 antiquitatis
1334 1197 1408 1240 suae

454 1285 554 1359 gesta
580 1277 815 1342 memorabilia
837 1278 879 1342 ad
903 1277 1050 1342 novellae
1067 1278 1283 1342 succedentis
1302 1295 1406 1359 gene·

455 1377 600 1441 rationis
617 1377 789 1454 notitiam,
806 1377 962 1442 detracta
973 1383 1166 1460 temporum
1179 1375 1317 1459 injuria,
1332 1395 1407 1458 per-

455 1476 624 1540 venirent.

506 1572 612 1638 Hunc
643 1589 690 1638 ex
716 1593 759 1638 ea
788 1574 934 1638 caritate
965 1591 1096 1637 morem
1128 1572 1298 1650 innatum,
1337 1592 1407 1656 qua

454 1672 585 1756 proprii
610 1673 719 1736 zelum
748 1673 887 1736 honoris
910 1671 1125 1754 singulorum
1147 1672 1320 1736 mentibus
1341 1673 1406 1734 im-

453 1771 581 1854 pressit
608 1778 744 1846 natura,
772 1771 808 1833 in
835 1770 1030 1853 Anglicana
1052 1772 1274 1836 observatum
1303 1778 1407 1854 gente

453 1889 564 1954 nsque
597 1870 641 1934 ad
683 1869 706 1933 J
709 1871 833 1934 oannis
873 1871 966 1953 regis
1005 1870 1202 1952 primordia,
1241 1870 1407 1935 omissum

454 1962 571 2052 [jam]¹
598 1967 780 2046 cernimus,
807 1987 870 2033 seu
893 1967 1126 2034 invalescente
1153 1969 1296 2047 desidia,
1326 1988 1405 2053 quae

454 2068 583 2132 laboris
596 2067 830 2152 cujuscunque
855 2068 981 2150 refugit
999 2069 1214 2146 exercitium,
1229 2087 1289 2132 seu
1308 2067 1406 2146 vitio,

447 2186 525 2250 quo
551 2166 701 2250 populns
729 2167 765 2230 in
794 2166 988 2250 principum
1021 2185 1162 2231 suorum
1192 2166 1406 2250 degenerans

455 2267 586 2344 odium,
606 2266 686 2350 plus
708 2264 744 2328 in
766 2285 884 2330 eorum
910 2265 1090 2348 vituperiis
1117 2285 1220 2348 quam
1247 2265 1407 2330 laudibus

448 2364 659 2430 delectatur.
708 2364 789 2444 Quo
806 2365 934 2430 factum
949 2373 1015 2442 est,
1031 2373 1071 2430 nt
1085 2385 1253 2430 annorum
1269 2372 1408 2430 centum

455 2466 579 2547 viginti
606 2465 815 2548 etamplius
843 2459 1051 2552 ²[bistoria,]
1081 2466 1142 2529 vix
1178 2465 1275 2530 tenui
1310 2463 1407 2528 chro-

453 2563 709 2648 nographorum
736 2558 915 2646 ⁸excerpta
940 2563 1129 2645 diligentia,
1161 2565 1197 2626 in
1224 2563 1406 2628 moderno·

452 2683 528 2726 rum
557 2661 893 2727 confabulationibus
919 2663 1107 2744 probrosis,
1133 2681 1252 2744 regum
1279 2681 1406 2746 praece·

453 2762 608 2827 dentium
639 2761 922 2839 detractionibus,
954 2761 1036 2826 dum
1066 2763 1179 2827 aliena
1205 2762 1247 2826 ad
1278 2762 1404 2827 coelum

454 2861 680 2937 extolluntur,
709 2862 857 2943 turpiter
885 2861 1093 2926 obfuscetur.
1159 2860 1296 2944 ltaque,
1326 2879 1404 2925 eum

446 2960 642 3044 aliquando
658 2961 694 3024 in
716 2960 832 3025 studio
850 2979 1064 3026 moraremur
1084 2960 1284 3038 Parisiensi,
1303 2968 1403 3042 gesta

455 3059 667 3124 Francorum
706 3051 1075 3142 4Normunnorumqne
1111 3078 1189 3123 enm
1222 3059 1298 3124 aliis
1331 3067 1406 3124 stn-

453 3159 549 3223 diose
563 3158 783 3242 perlegimus,
807 3167 843 3224 et
860 3157 1022 3243 quicquid
1043 3159 1216 3224 nationem
1239 3160 1404 3240 tangebat

452 3257 686 3340 Anglicanam
713 3258 860 3323 fideliter
890 3259 1136 3340 excerpsimus.
1188 3258 1244 3322 Ex
1267 3257 1404 3340 quibus,

453 3377 532 3422 eum
547 3358 695 3440 hisquae
708 3357 745 3422 in
761 3357 930 3422 chronicis
947 3357 1151 3440 Anglicanis
1166 3358 1326 3434 vidimus,
1343 3358 1405 3422 ad·

448 3455 553 3542 jectis
583 3457 758 3522 nonnullis
787 3477 865 3540 quse
894 3457 949 3522 vel
976 3458 1117 3541 propria
1148 3457 1272 3521 notitia
1300 3456 1404 3522 colle·

452 3558 580 3640 gimus,
604 3558 661 3622 vel
691 3558 758 3622 tide
784 3556 967 3639 dignorum
1001 3557 1114 3621 relatu
1144 3557 1337 3633 didicimus,
1366 3564 1405 3621 ut

453 3657 582 3720 omissa
602 3675 664 3722 seu
681 3656 839 3738 neglecta
860 3656 1057 3740 aliqualiter
1077 3655 1230 3739 suppleri
1251 3655 1403 3733 valeant,

453 3775 570 3820 eorum
597 3757 633 3820 in
659 3749 831 3838 ⁶sequenti
857 3774 961 3838 opere
984 3774 1102 3838 regum
1127 3761 1238 3838 gesta,
1256 3756 1316 3837 qni
1339 3748 1403 3819 ⁶se-

452 3855 603 3920 cundum
618 3854 759 3919 ,lineam
780 3854 1006 3920 masculinam
1028 3856 1073 3920 ab
1091 3853 1403 3936 Andegavensibus

488 4083 583 4135 ¹From
594 4085 692 4136 M.and
704 4084 751 4137 Ar.
978 4079 1317 4145 “Northmannorumque3'
1342 4081 1407 4134 Cnd.

488 4185 737 4240 ’cartaerncoa
751 4189 814 4252 neg.
944 4153 1309 4285 Βθὲῑξῃξὲξξζὲξξθῖξζῗω·

491 4287 657 4356 ’‘exceptu;¹
676 4292 795 4342 ΜΛΔ.
976 4289 1086 4356 “per3’
1104 4288 1172 4344 Μ.
1197 4345 1202 4357 ,
