3170 5020
397 459 464 526 380
752 475 823 524 mc.
847 475 995 523 rnivnri

235 644 360 735 1·th
399 653 469 702 nou
486 634 581 700 veuit
597 654 640 698 ex
658 634 787 713 debito,
812 635 873 698 sed
890 655 935 700 ex
956 633 1071 717 gratia
1085 631 1238 716 speciali.
1292 632 1352 696 In-

235 705 321 792 againfft

236 795 343 836 Edwa’rrd

235 845 330 884 clalmto

235 894 344 936 Sc.otlaud

399 753 515 817 snper,
536 755 599 817 pro
620 736 721 799 terris
740 736 784 798 de
808 735 955 799 Tindale
975 740 1011 799 et
1027 733 1198 800 Penritlr
1188 752 1225 796 m
1241 752 1350 814 regno

399 832 538 916 Angliae
560 835 696 916 positis,
719 854 797 899 cum
821 855 883 898 rex
909 835 1035 899 Scotiea
1062 833 1106 898 ad
1131 833 1351 916 praeseutiam

399 934 491 1016 regis
519 933 658 1016 Angliae
684 953 722 998 se
744 934 973 1017 personaliter
994 934 1211 1010 contulisset,
1240 932 1349 996 eidem

399 1033 632 1100 fidelitatem
622 1053 839 1116 impensurus
862 1054 926 1117 pro
947 1034 1066 1098 iisdem
1090 1033 1192 1097 torris
1214 1039 1349 1096 tantum

398 1133 435 1196 in
464 1132 596 1216 Anglia
625 1135 714 1211 sitis,
750 1152 821 1196 nou
854 1142 893 1199 ut
921 1153 984 1198 rex
1018 1133 1158 1211 Scotiae,
1192 1151 1256 1196 nec
1287 1152 1350 1215 pro

398 1233 659 1315 regno‘Scotiae,
680 1233 881 1297 fidelitatem
900 1232 1043 1297 eandem
1059 1232 1242 1310 exhibuit3
1268 1232 1350 1314 quia

398 1332 514 1414 palam
530 1352 643 1397 coram
660 1333 791 1416 populo
808 1340 1037 1415 protestatum
1057 1341 1144 1411 erat,
1169 1329 1261 1415 qnod
1287 1351 1350 1414 pro

399 1452 507 1515 regno
534 1432 662 1497 Scotiee
692 1431 892 1498 fidelitatem
925 1433 1076 1516 aliquam
1108 1433 1183 1514 regi
1210 1429 1349 1512 Angliae

399 1531 512 1596 facere
536 1551 607 1595 non
627 1532 786 1597 debebat.
838 1532 941 1610 Item,
966 1531 1059 1615 quod
1079 1531 1266 1615 praedictus
1287 1550 1350 1594 rex
1399 1578 1405 1583 .

401 1630 601 1698 Alexander
638 1632 776 1714 reliquit
817 1632 968 1715 puellam
1002 1630 1174 1709 heredem,
1212 1631 1350 1694 nomine

401 1730 651 1813 Margaretam,
685 1739 823 1814 neptem
863 1731 956 1813 regis
988 1729 1142 1814 Angliae,
1176 1739 1259 1795 tuuc
1289 1730 1353 1793 mi-

400 1831 494 1894 noris
516 1832 650 1895 aetatis:
674 1831 774 1914 cujus
797 1832 955 1896 custodia
977 1851 1045 1894 uon
1072 1831 1115 1895 ad
1136 1850 1252 1912 regem
1275 1827 1348 1893 An·

401 1930 494 2012 gliae,
523 1930 618 1994 velut
648 1929 692 1993 ad
722 1931 897 1994 domiuum
926 1949 1136 2014 supremum,
1170 1930 1350 2012 pervenit3

401 2028 461 2093 sed
488 2029 532 2094 ad
562 2023 690 2094 ¹certos
715 2030 867 2114 ejusdem
899 2031 998 2112 regni
1024 2031 1150 2095 Scotiae
1181 2049 1352 2112 procereS,

402 2128 529 2195 adhoc
550 2128 690 2194 eleetos
743 2130 939 2212 Redargnit
960 2130 1065 2194 etiam
1085 2129 1243 2194 dominus
1261 2148 1353 2211 papa

403 2248 533 2310 regem,
559 2229 729 2311 eoquod,
762 2237 841 2311 post
873 2236 1020 2294 mortem
1051 2230 1135 2294 dicti
1160 2227 1353 2320 Alexandri

403 2328 507 2410 regie,
534 2329 656 2394 Scotos
682 2336 847 2411 tanquam
879 2329 1064 2410 acephalos
1094 2337 1130 2394 et
1158 2329 1255 2392 ducis
1283 2328 1354 2392 sus·

401 2427 549 2510 fragium
577 2448 646 2492 nou
675 2428 852 2506 habentes,
877 2429 972 2510 ipsos
1000 2449 1062 2512 per
1087 2430 1157 2494 vim
1179 2429 1246 2492 sibi
1272 2430 1353 2492 snb·

397 2528 538 2613 jugavit
567 2535 603 2593 et
637 2536 778 2605 metum,
817 2530 853 2592 in
887 2527 1126 2612 praejudicium
1158 2535 1193 2593 et
1227 2547 1352 2610 grava-

402 2647 480 2692 men
510 2647 581 2692 uon
611 2627 783 2692 modicum
817 2627 987 2692 Romanae
1021 2629 1186 2692 ecclesiae.
1254 2625 1353 2713 Adji-

403 2728 508 2805 cieuS,
541 2727 634 2809 quod
665 2747 743 2791 cum
777 2728 934 2792 domiuus
964 2747 1055 2810 papa
1085 2727 1233 2792 officium
1260 2727 1354 2809 lega-

404 2827 509 2891 tionis
542 2827 647 2890 alicui
677 2828 863 2890 committit
891 2826 1148 2910 exsequendum
1180 2828 1216 2890 in
1245 2847 1353 2909 regno

405 2924 557 3007 Angliae,
580 2944 687 2988 causa
712 2926 896 2990 solutionis
917 2926 1070 3004 decimae,
1087 2927 1142 2991 vel
1165 2928 1268 2992 etiam
1291 2947 1354 3009 pro

405 3026 530 3108 quavis
558 3023 627 3088 alia
653 3043 761 3088 causa
786 3027 995 3104 rationabili,
1021 3034 1056 3091 et
1086 3026 1283 3110 hujusmodi
1305 3027 1352 3090 le·

404 3125 503 3206 gatio
524 3124 648 3189 litteris
669 3132 704 3190 ot
722 3125 904 3208 privilegio
925 3126 1068 3208 speciali
1090 3125 1192 3191 dictae
1215 3133 1355 3208 aposto-

406 3225 482 3288 licae
507 3224 597 3289 sedis
617 3224 662 3289 ad
684 3225 812 3289 dictum
831 3244 975 3308 regnum
995 3225 1121 3290 Scotiae
1144 3245 1181 3289 se
1203 3246 1272 3289 uon
1295 3246 1354 3289 ex·

406 3324 529 3401 tendit,
551 3325 777 3389 resistendum
804 3332 859 3388 est
879 3333 914 3388 et
934 3325 1141 3390 obstandum
1159 3325 1355 3408 hujusmodi

406 3423 597 3506 legationi3
635 3431 740 3512 prout
774 3430 930 3506 tempore
966 3423 1074 3489 felicis
1109 3425 1357 3490 recordationis

407 3521 554 3587 Adriani
579 3523 726 3605 contigit
749 3524 935 3588 evidenter.
989 3524 1081 3588 Nam
1115 3524 1252 3606 legatus
1281 3525 1355 3608 ipse

404 3622 451 3690 ,ad
483 3622 668 3705 praefatum
699 3643 843 3704 regnum
885 3623 1012 3688 Scotiae
1043 3625 1262 3706 aliquatenus
1294 3624 1354 3687 ad·

407 3723 533 3786 missus
558 3743 627 3786 uou
654 3723 802 3800 exstitit,
827 3724 938 3787 donec
965 3743 1028 3805 per
1053 3724 1187 3788 litteras
1217 3731 1356 3806 aposto-

406 3822 492 3886 licas
522 3822 691 3904 speciales
724 3823 790 3886 sibi
821 3823 1007 3904 legationis
1039 3821 1187 3888 officium
1219 3824 1286 3888 fuit
1319 3825 1355 3887 iu

406 3923 526 3986 eodem
549 3923 780 3987 commissum.
834 3922 966 3986 Iterum
984 3922 1128 3999 addidit,
1149 3923 1241 4006 quod
1266 3923 1355 3987 idem

406 4041 549 4103 reguum
576 4041 638 4103 per
663 4023 755 4085 beati
776 4020 873 4085 Petri
898 4023 1048 4104 apostoli
1069 4023 1284 4087 venerandas
1305 4044 1356 4087 re·

444 4245 451 4276 ¹
467 4248 530 4296 Thia
541 4247 612 4298 word
623 4248 646 4296 is
657 4246 721 4295 from
733 4246 770 4295 M.
783 4247 833 4296 and
844 4246 891 4297 Ar.
904 4251 967 4297 22⁰:
988 4249 1049 4297 Cod.
1064 4248 1128 4308 Reg.
1141 4247 1188 4296 lras
1198 4247 1206 4274 ⁴
1216 4240 1330 4296 eeteros!
