3240 4988
439 465 504 531 190
796 483 1042 530 mc..rnrvn'rr

441 640 587 704 thedrali
603 639 849 718 wintoniensi,
866 642 1024 724 praestita
1041 639 1214 725 juratoria
1230 639 1392 703 cautione

438 740 481 804 de
498 740 715 826 restitutione
731 741 926 805 ablatorum
941 751 1013 806 tam
1027 742 1160 807 clericis
1175 759 1278 824 quam
1295 739 1393 803 laicis

439 839 608 918 facienda,
631 849 666 904 et
691 841 895 924 recipiendis
919 843 1077 906 omnibus
1100 842 1137 905 in
1155 841 1294 924 plenam
1315 858 1395 921 gra-

440 941 524 1002 tiam
548 948 583 1004 et
600 959 763 1005 amorem.
815 940 952 1004 Exinde
976 941 1202 1024 Pandulphus
1227 935 1393 1021 'legatua

439 1039 473 1102 in
501 1038 653 1105 Galliam
681 1041 864 1118 transiens
887 1041 1101 1106 Francorum
1128 1041 1201 1123 regi
1228 1040 1392 1122 Philippo

438 1140 504 1202 sub
544 1139 774 1205 anathematis
812 1141 1092 1206 interminatione
1128 1141 1316 1224 prohibuit,
1349 1157 1392 1202 ne

440 1240 602 1305 transiret
631 1241 667 1304 in
699 1239 876 1322 Angliam,
905 1235 986 1305 ²seu
1013 1259 1128 1324 regem
1157 1240 1296 1322 Angliae
1317 1239 1392 1323 jam

438 1340 696 1404 reconciliatum
718 1341 885 1417 ecclesiae,
908 1361 978 1425 quo
1001 1342 1114 1406 minus
1129 1359 1273 1422 regnum
1291 1357 1392 1403 suum

439 1439 582 1521 pacifice
614 1441 818 1522 possideret,
849 1442 1068 1523 aliquatenus
1093 1460 1154 1525 per
1182 1461 1219 1505 se
1249 1440 1304 1504 rel
1331 1457 1394 1521 per

439 1539 526 1603 alios
557 1539 748 1606 infestaret.
811 1541 962 1605 Duravit
995 1551 1111 1606 tamen
1139 1540 1253 1604 adhuc
1285 1540 1392 1603 inter-

440 1637 569 1703 dictum
595 1640 629 1703 in
657 1639 798 1723 Anglia‚
829 1640 921 1705 clero
949 1641 1034 1704 illud
1061 1641 1212 1705 relaxari
1241 1639 1392 1716 nolente,

440 1756 620 1822 quousque
649 1739 692 1805 de
724 1741 851 1804 ablatis
879 1740 1096 1805 satisfactum
1126 1747 1218 1832 esset
1248 1739 1291 1804 ad
1323 1738 1393 1821 ple-

440 1857 534 1902 num.

277 1957 415 1997 numer·
491 1937 514 2001 J
517 1956 646 2002 oannes
665 1958 727 2002 rex
749 1938 868 2003 eodem
888 1957 979 2003 auno
996 1939 1237 2016 transfretana,
1256 1957 1392 2021 suscep-

276 2017 336 2045 roma
344 2001 408 2047 otuu

277 2057 373 2097 Normau

276 2107 359 2147 eattler.

441 2044 497 2102 tus
519 2044 572 2102 est
590 2038 775 2104 honorifice
798 2041 833 2104 in
855 2039 1018 2123 Rupella.
1071 2038 1148 2104 Nec
1170 2039 1279 2102 multo
1301 2045 1393 2120 post,

441 2138 671 2203 reconciliatis
694 2141 760 2204 sibi
782 2139 907 2204 comite
929 2139 1097 2204 Marehiae
1121 2146 1156 2204 et
1172 2137 1331 2202 Galfrido
1350 2138 1394 2201 de

441 2236 659 2304 Laudunano
681 2239 772 2322 cepit
794 2240 913 2304 urbem
937 2238 1236 2322 Audegavensem,
1260 2245 1296 2302 et
1317 2257 1392 2301 cas·

313 2345 319 2357 '
441 2346 529 2402 trum
553 2335 645 2421 quod
669 2338 797 2405 dicitur
821 2339 1080 2417 Bellum-forte,
1105 2339 1263 2422 aliasque
1284 2338 1393 2401 muni-

442 2440 553 2503 tiones
585 2441 817 2523 quamplures.
869 2441 990 2504 Turba
1018 2439 1166 2504 militum
1194 2439 1269 2523 ejus
1295 2445 1393 2502 trans

441 2536 593 2620 Ligerim
612 2541 717 2603 missa
735 2539 777 2604 ad
795 2540 1030 2624 pra-dandum,
1049 2540 1241 2604 Robertum
1259 2539 1394 2602 comitis

441 2637 633 2702 Drocarum
658 2638 778 2716 filium,
808 2647 844 2704 et
871 2639 998 2704 milites
1029 2638 1289 2722 quatuordecim
1316 2657 1394 2702 oum

441 2757 481 2801 eo
498 2739 533 2800 in
552 2738 669 2815 armis,
687 2740 753 2803 sibi
770 2747 989 2804 occurrentes
1005 2745 1181 2822 cepemnt.

436 3349 439 3360 ,
500 3287 524 3352 J
527 3303 669 3353 oannes
703 3310 778 3367 rex,
808 3288 1003 3372 impetratis
1034 3307 1056 3352 a
1089 3287 1170 3351 sede
1204 3289 1397 3370 apostolica

440 3388 590 3472 quinque
614 3409 781 3454 annorum
804 3389 951 3454 induciis
974 3407 1079 3471 snper
1100 3387 1318 3452 restitutione
1336 3391 1396 3452 ab·

439 3488 602 3568 latorum,
623 3490 674 3555 ita
689 3485 783 3573 quod
798 3490 944 3573 singulis
966 3488 1065 3553 annis
1088 3481 1214 3569 ³usque
1239 3486 1283 3551 ad
1306 3507 1396 3554 com-

440 3588 650 3672 plementum
683 3610 755 3655 nna
786 3590 943 3674 pecuniae
974 3589 1088 3671 portio
1116 3586 1320 3665 solveretur,
1345 3589 1397 3652 in-

441 3689 513 3753 vito
535 3689 628 3754 clero
648 3689 900 3756 relaxationem
923 3687 1073 3754 obtinuit
1095 3687 1283 3765 interdicti,
1302 3687 1396 3770 quod

436 3787 510 3872 jam
528 3808 591 3853 sex
609 3790 721 3866 annis,
745 3791 918 3854 mensibus
938 3787 1060 3865 tribus,
1077 3795 1112 3852 et
1128 3787 1247 3851 diebus
1264 3795 1396 3870 septem

441 3895 476 3953 et
506 3886 623 3955 decem
650 3889 847 3956 duraverat.
900 3889 1029 3953 Urbem
1055 3907 1137 3952 vero
1165 3885 1399 3970 Audegaven·

441 3989 543 4066 sium,
567 4008 670 4072 qnam
693 4008 803 4074 nuper
824 3995 975 4072 ceperat,
998 4007 1108 4071 usque
1131 3986 1174 4053 ad
1199 3987 1398 4085 Medianam

477 4212 487 4319 ἰ
502 4215 661 4334 :keeffiat’uffi
670 4213 813 4280 angliam?
826 4217 872 4268 Ar.
961 4217 973 4250 ⁸
989 4221 1088 4283 ‘usque
1097 4221 1306 4284 complementum
1314 4218 1330 4284 ;’
1346 4225 1383 4273 Μ.

578 4323 585 4346 ,
666 4323 672 4336 .
