3180 5026
598 513 772 564 sansacu.
1004 581 1007 586 Ι
1097 498 1160 560 xix

206 665 235 722 V
245 665 353 722 sualem
367 665 521 722 decantans
537 663 676 722 Sacerdos
691 664 897 740 prefationem.
1174 676 1295 764 otiorum

209 761 244 818 M
254 761 377 819 ultitudo
391 760 589 838 praefationum
604 760 768 837 specialium
780 761 884 838 quihus
900 759 1028 818 Ecclesia
1041 759 1139 819 utitur.
1174 785 1244 815 name.

206 911 240 968 H
248 913 314 970 abet
329 912 489 990 Epiphania
502 903 697 989 praefationem
711 913 870 970 secundam.

208 1007 236 1064 V
245 1008 332 1068 titur¹
350 1008 480 1066 Ecclesia
493 1009 578 1066 tertia
591 1008 758 1086 praefatione
772 1009 801 1064 iu
816 1007 1051 1084 Quadragesima.

208 1103 238 1158 N
247 1122 279 1159 ec
293 1096 495 1180 praetereuuda
508 1113 552 1160 est
565 1113 667 1180 quarta
680 1104 811 1180 praefatio
826 1103 860 1160 de
876 1103 977 1161 Cruoe.
1124 1089 1127 1096 ,

208 1199 356 1257 Cantatur
370 1199 400 1255 in
415 1199 544 1256 Pascha⁹
557 1200 657 1275 quinta
671 1198 818 1256 Praefatio.

208 1350 342 1428 Tangit?
356 1359 435 1407 sexta
450 1350 584 1407 Praelatio
598 1351 653 1408 tria
667 1350 822 1426 spectantia
836 1349 872 1406 ad
885 1349 1030 1406 materiem
1044 1347 1134 1404 laudis

332 1445 458 1502 Divinae.

209 1540 238 1598 R
247 1541 305 1597 atio
312 1528 410 1597 laudis
425 1540 541 1597 Divinae
554 1540 584 1596 in
598 1540 767 1616 praefatione
781 1540 908 1616 septima

210 1635 263 1692 Ad
277 1636 415 1692 honorem
430 1636 611 1693 Ta1u1rsr1s
626 1645 757 1693 cantatur
770 1643 870 1693 octava
884 1635 1022 1712 praefatio.

209 1732 358 1790 Cantator
371 1732 401 1788 in
414 1731 523 1788 honore
538 1731 635 1789 Beatae
651 1731 777 1808 Vuginis
790 1751 866 1788 nona
878 1731 1018 1808 praefatio.

210 1826 348 1884 Tandem
361 1829 390 1883 in
405 1827 572 1904 praefatione
586 1828 621 1885 de
637 1828 783 1905 Apostolis
798 1847 861 1904 quae
876 1836 919 1885 est
933 1827 1049 1884 decima

209 1923 239 1979 A
253 1931 313 1979 toto
329 1922 425 1980 Choro
439 1931 568 1981 cantatur
581 1924 704 2002 hymnus
718 1925 766 2002 qui
780 1923 948 1982 Tarssmou
963 1923 1128 1999 appellatur.

210 2017 357 2075 Trahitur
374 2037 478 2075 nomen
500 2019 625 2078 Canonis
647 2039 664 2076 a
685 2020 798 2088 Graeoo,
819 2019 896 2096 quod
916 2018 1018 2076 Latine
1050 2019 1159 2096 Reputo

332 2115 542 2191 interpretatur.

212 2210 349 2267 Vtilitate
363 2218 457 2266 autem
475 2211 660 2286 Offereatiam
674 2230 772 2267 eorum
786 2230 838 2288 pro
852 2209 954 2287 quibus
967 2210 1000 2268 fit
1013 2211 1127 2269 oblatio.

211 2305 391 2363 Memoriam
404 2305 473 2362 facit
488 2305 588 2362 deiude
604 2305 741 2364 Sacerdos
756 2305 933 2365 Sanctorum.

214 2457 377 2517 Concludit
398 2457 510 2515 demum
531 2459 600 2535 quid
619 2478 670 2536 per
693 2459 864 2517 oblationem
886 2457 1000 2516 Hostiae
1021 2459 1058 2516 sit
1077 2459 1164 2535 impe·

335 2554 477 2610 trandum.

215 2648 243 2705 0
252 2657 297 2706 rat
311 2649 412 2706 deinde
427 2647 566 2707 Sacerdos
580 2649 713 2707 virtutem
728 2651 909 2707 consecrandi
923 2649 1083 2726 implorans,

214 2745 250 2802 M
259 2745 344 2802 odurn
358 2763 414 2822 quo
430 2745 563 2804 Christus
577 2745 760 2814 consecravit,
777 2744 914 2804 Sacerdos
929 2753 1151 2803 consecraturus.
1216 2773 1218 2778 ·

214 2841 295 2899 Post
319 2842 560 2899 consecrationem
589 2841 724 2918 Corporis
751 2842 898 2918 subjungit
926 2843 1165 2899 consecrationem

337 2937 497 3012 Sanguinis.

214 3033 344 3110 Impleta
358 3032 580 3101 consecratione,
594 3031 726 3089 sacerdos
739 3032 855 3091 brachia
868 3033 1005 3090 extendit.

214 3127 339 3186 Laxatis
357 3137 453 3185 autem
473 3127 596 3185 brachiis
617 3129 653 3185 ah
674 3129 838 3186 extensione
858 3127 1016 3187 Sacerdos⁴
1036 3128 1106 3204 petit
1119 3146 1166 3184 ac-

339 3213 533 3301 ceptationem.

216 3319 374 3378 Auxilium
388 3319 488 3396 gratiae
503 3326 568 3397 post
581 3318 645 3375 haec
658 3319 813 3395 implorans
829 3319 976 3379 Sacerdos.

218 3415 267 3472 Vt
281 3416 383 3472 etiam⁵
396 3415 487 3492 prosit
501 3414 682 3471 haecoblatio
696 3413 844 3473 defunctis.

217 3511 325 3588 ipsum
346 3510 467 3569 eundem
487 3511 618 3568 effectum
640 3509 815 3568 Sacramenti
836 3530 893 3586 quo
913 3510 949 3567 ad
963 3509 1083 3586 gloriam
1098 3509 1168 3566 vivis

339 3605 503 3682 implorans.

217 3697 515 3762 Terminaotautem
532 3701 649 3758 Canone
664 3701 836 3758 mentionem
856 3701 925 3758 facit
943 3701 978 3758 de
993 3701 1169 3759 Mediatione

342 3796 458 3856 Christi.

256 3917 264 3948 ¹
281 3921 387 3968 ‘Utitur
403 3924 489 3968 autem
500 3920 611 3970 ecclesia
621 3923 681 3968 tem·
745 3917 753 3946 ⁴
768 3920 930 3970 ‘Sacerdotis
948 3921 981 3970 ab
1000 3921 1145 3969 extensione
1156 3914 1172 3978 ;'

217 4005 279 4052 pore
296 3989 520 4051 Quadragesimali
535 3988 682 4051 praefatione
708 3989 775 4040 Har.
787 3994 861 4040 3768.

217 4061 294 4110 tenu
304 4059 320 4118 ς’
332 4059 398 4108 Har.
411 4063 485 4108 arsa.

254 4127 265 4156 ι
281 4127 426 4177 ‘paschate
437 4123 452 4188 3’
470 4127 507 4178 id·
744 4088 758 4118 ⁸
770 4091 778 4118 ‘
792 4091 858 4140 Haec
874 4091 968 4140 oblatio
984 4085 1088 4152 prosit?
1107 4089 1172 4152 Har.

255 4195 266 4229 ⁸
283 4197 448 4260 ‘Tanguntur
458 4197 485 4246 in
500 4202 574 4247 sexta
586 4196 684 4246 Praete·
710 4163 783 4209 3¹38·

217 4269 287 4317 tione
299 4262 364 4330 tria,’
375 4271 442 4329 ete.;,
459 4266 495 4316 td.
747 4259 757 4292 ⁶
772 4255 979 4321 ‘Terminandm’
996 4259 1032 4310 ia.
