3170 5020
288 698 395 742 ltdwmd'r

287 753 345 802 roply
353 755 377 790 to

444 505 510 570 386
803 518 1047 571 mossarum

449 681 736 748 ventionaverunt
761 679 820 769 (ut
845 681 959 744 verbis
982 678 1136 764 ejusdem
1159 679 1399 744 conventionis

286 802 391 852 nomn·
448 778 606 860 utamur)
631 781 768 846 domino
790 779 865 862 regi
890 786 925 845 et
948 778 1103 844 Henrico
1127 779 1199 842 filio
1225 798 1289 843 suo
1311 800 1397 862 prae-

449 882 563 959 dictis,
581 881 719 964 quodsi
737 901 801 946 rex
815 881 942 944 Scotiae
965 880 1081 963 aliquo
1101 886 1255 961 tempore
1277 879 1397 944 edde-

449 983 550 1046 litate
571 983 663 1064 regis
679 980 818 1063 Angliae
841 986 877 1045 ct
899 980 1128 1045 conventione
1157 978 1324 1061 praedicta
1345 999 1399 1043 re-

449 1081 597 1158 cederet,
628 1081 694 1163 ipsi
725 1099 803 1145 cnm
842 1079 981 1144 domino
1014 1099 1096 1162 rege
1126 1077 1266 1159 Angliae
1303 1086 1397 1142 tene-

449 1182 548 1258 bunt,
575 1181 666 1245 sicut
680 1200 758 1244 curn
780 1179 866 1262 ligio
885 1180 1025 1243 domino
1051 1198 1127 1255 suo,
1142 1185 1263 1243 contre
1280 1197 1397 1260 regem

448 1280 587 1357 Scotiae,
617 1299 797 1366 quousque
827 1279 871 1343 ad
902 1278 1103 1344 fidelitatem
1133 1279 1225 1360 regis
1258 1276 1397 1360 Angliae

447 1379 586 1445 redeat:
613 1399 717 1464 quam
739 1379 877 1463 quidem
902 1379 1184 1461 compositionem
1211 1377 1319 1442 salicis
1344 1397 1397 1440 re·

448 1479 656 1544 cordationis
690 1477 882 1562 Gregorius
910 1472 1019 1561 ¹papa
1046 1497 1158 1543 nonus
1187 1478 1224 1540 in
1250 1477 1397 1542 diversis

447 1579 598 1660 scriptis,
625 1580 765 1662 regibus
796 1577 935 1660 Angliae
965 1578 1117 1655 directis,
1142 1576 1320 1642 mandavit
1341 1576 1398 1639 lir-

447 1679 549 1742 miter
577 1679 774 1758 observari3
810 1678 1066 1743 continentibus
1090 1679 1195 1741 etiam
1226 1677 1317 1740 inter
1343 1695 1398 1741 ce·

404 1853 407 1858 ¹
447 1785 533 1854 tera,
559 1777 651 1859 quod
673 1778 869 1844 willelmus
896 1784 932 1841 et
954 1775 1167 1854 Alexander,
1188 1795 1289 1858 reges
1310 1776 1396 1840 Sco-

447 1876 518 1953 tiae,
541 1878 680 1958 regibus
704 1877 845 1959 Angliae
873 1876 896 1941 J
899 1877 1003 1942 oanni
1030 1884 1066 1941 et
1094 1876 1249 1940 Henrico
1274 1875 1396 1956 ligium

446 1974 646 2057 homagium
678 1984 714 2041 et
751 1977 951 2042 fidelitatem
988 1977 1166 2055 fecerunt3
1205 1995 1310 2059 quam
1343 1982 1397 2039 te-

448 2082 574 2139 nentur
605 2093 821 2141 successores
851 2095 981 2153 eorum,
1012 2077 1155 2140 comites
1186 2083 1222 2140 et
1249 2077 1396 2140 barones

447 2175 544 2256 regni
576 2175 714 2252 Scotiae,
742 2177 810 2258 ipsi
841 2182 877 2239 et
907 2177 979 2240 suis
1012 2176 1268 2240 successoribus
1299 2174 1396 2238 exhi-

447 2274 549 2352 bere3
589 2282 624 2338 et
650 2276 787 2352 iterum,
816 2276 908 2358 quod
942 2295 1019 2338 cum
1049 2275 1140 2339 idem
1172 2295 1236 2338 rex
1267 2274 1396 2338 Scotiae

445 2372 549 2437 horno
571 2374 676 2455 ligius
706 2376 753 2440 sit
775 2375 885 2457 ipsius
911 2375 1057 2439 Henrici
1079 2375 1170 2456 regis
1193 2372 1344 2455 Angliae,
1359 2381 1397 2438 et

446 2473 557 2538 eidem
588 2473 791 2556 praestiterit
824 2474 1000 2538 fidelitatis
1027 2473 1275 2557 juramentum,
1302 2474 1395 2555 quod

444 2572 480 2637 in
511 2574 621 2655 ipsius
659 2575 758 2655 regni
789 2581 825 2638 et
856 2573 946 2656 regis
976 2572 1116 2656 Angliae
1150 2574 1394 2638 detrimentum

444 2672 530 2737 nihil
547 2674 671 2737 debeat
688 2681 869 2738 attentare.

489 2773 560 2836 ‘Et
583 2792 676 2855 papa
702 2773 861 2839 Clemens
887 2771 1040 2836 scribens
1066 2770 1142 2853 regi
1162 2768 1311 2852 Angliae,
1327 2792 1394 2853 pro

445 2870 468 2935 J
472 2891 582 2935 oanne
612 2874 774 2954 episcopo
812 2872 846 2935 S.
870 2869 1034 2947 Andreae,
1066 2870 1213 2953 expulso
1247 2872 1291 2935 ab
1322 2871 1394 2954 epi-

445 2978 591 3052 scopatu
615 2989 678 3035 suo
703 2991 765 3053 per
793 2990 908 3052 regem
926 2970 1065 3047 Sootiae,
1090 2971 1180 3035 inter
1200 2978 1315 3035 cetere
1339 2991 1394 3035 ro-

445 3071 555 3150 gavit,
583 3071 675 3151 quod
704 3070 919 3134 willelmum
941 3090 1056 3150 regem
1089 3069 1215 3134 Scotiae
1239 3079 1395 3136 moveret

444 3175 479 3232 et
513 3169 702 3247 induceret,
734 3178 769 3234 et
800 3169 830 3233 si
851 3163 1010 3233 2necesse
1046 3170 1149 3233 fuerit
1178 3168 1394 3234 districtione

444 3269 566 3350 regali,
580 3289 650 3352 qua
667 3270 698 3333 ei
716 3269 926 3352 praeeminet,
948 3276 983 3333 et
1007 3287 1171 3334 concesso
1192 3289 1265 3333 suae
1286 3271 1393 3352 regiae

443 3368 639 3432 celsitudini
670 3376 843 3452 potestate
873 3368 1106 3450 compelleret,
1134 3375 1174 3432 ut
1202 3369 1295 3433 dicto
1321 3369 1393 3451 epi-

442 3486 548 3550 scopo
567 3488 702 3532 omnem
719 3487 896 3533 rancorem
914 3468 1020 3531 animi
1044 3468 1246 3544 remitteret,
1269 3476 1305 3532 et
1320 3470 1392 3550 epi·

443 3575 623 3649 scopatum
639 3587 739 3632 suum
756 3587 833 3632 eum
850 3568 976 3632 hebere
992 3568 1215 3650 permitteret.
1252 3567 1299 3631 Et
1311 3576 1394 3650 post

442 3667 705 3732 conventionem
724 3667 923 3750 praedictam
948 3667 985 3729 in
1008 3666 1155 3731 ecclesio
1175 3667 1268 3731 beati
1294 3666 1394 3731 Petri

443 3764 604 3843 Eboraci,
641 3786 756 3831 eoram
799 3767 974 3849 praedictis
1005 3767 1144 3848 regibus
1183 3765 1323 3848 Angliae
1354 3776 1393 3832 et

442 3863 581 3943 Sceuae,
598 3874 632 3930 et
655 3867 769 3932 David
789 3866 897 3931 fratre
917 3885 981 3929 suo
1005 3872 1041 3930 et
1065 3867 1226 3930 universo
1248 3867 1392 3949 populo,

442 3965 612 4048 episcopi·
625 3967 778 4041 comites,
804 3975 839 4031 et
854 3967 1011 4040 barones,
1035 3973 1070 4030 et
1087 3966 1214 4030 milites
1231 3964 1275 4029 de
1298 3972 1393 4030 terra

440 4065 539 4146 regni
569 4065 707 4143 Scotiae,
733 4066 941 4150 juraverunt
965 4065 1105 4130 domino
1134 4065 1208 4149 regi
1239 4063 1393 4148 Angliae,

476 4331 483 4364 ¹
500 4333 731 4399 ‘pap23'omitted
741 4339 768 4387 in
780 4333 848 4389 ΠΛ.
903 4333 909 4406 Ι
959 4333 1256 4398 ’‘neceesarie3'D'd.
