3226 5020
435 499 502 566 2⁶0
803 515 877 564 run.
893 513 1039 562 unrvnnr

437 681 602 758 superato
618 674 774 757 imperio,
797 671 970 757 quendam
985 671 1051 736 sibi
1066 671 1273 754 praeficiunt,
1290 691 1390 756 quern

437 775 614 858 appellant
631 773 881 856 Palaeologum.
920 772 1141 837 Baldewinus
1156 791 1238 837 vero
1255 772 1392 856 fugiens

438 875 538 940 exsul
556 875 592 938 in
610 873 736 938 Galliis
754 875 965 938 morabatur.

461 1089 487 1126 D.
500 1090 527 1126 ll·
537 1090 558 1126 J.
570 1090 593 1126 0·
692 1088 715 1124 Ρ.
728 1087 891 1124 ROMANORUM
904 1087 929 1124 ll.
1034 1085 1188 1122 raauooauu
1226 1085 1365 1122 suetonum

475 1176 584 1214 uccrxrr.
657 1175 799 1214 nnslurrv.
873 1175 977 1212 ιιιοιιιυι
1030 1173 1195 1211 ronovrcrrx.
1223 1173 1328 1210 nunaunt
1341 1173 1381 1211 111.

1096 1234 1136 1280 36.
1278 1234 1319 1279 46.

273 1393 424 1433 ormana.
490 1371 676 1436 Parnonns
708 1371 862 1448 wallia,
894 1370 986 1452 regis
1014 1367 1154 1450 Angliae
1185 1369 1392 1434 adversariis

274 1443 382 1484 mm
438 1471 705 1549 confoederatus,
721 1472 829 1554 coepit
843 1471 879 1534 in
898 1469 999 1534 terris
1018 1469 1192 1546 Edwardi‚
1211 1469 1272 1533 filii
1286 1471 1390 1552 regis,

396 1647 397 1650 Ἴ
438 1570 561 1636 iterum
590 1572 702 1636 coedes
733 1577 769 1634 et
795 1569 955 1635 incendia
985 1589 1154 1634 exercere.
1208 1568 1390 1653 Philippus

441 1671 532 1753 regis
562 1671 773 1736 Francorum
802 1670 893 1734 filius
922 1669 1119 1748 Isabellam,
1149 1669 1255 1732 filiam
1287 1663 1391 1754 ¹regis

440 1769 659 1853 Arragoniae,
686 1789 828 1834 uxorem
852 1770 996 1852 accepit.
1048 1768 1286 1833 Marsilienses
1308 1789 1390 1834 con·

440 1878 495 1934 tra
516 1869 692 1948 Carolum‚
713 1869 851 1935 favente
876 1869 926 1932 eis
948 1868 1098 1952 quodam
1119 1869 1311 1934 castellano
1330 1889 1392 1934 no·

439 1970 530 2032 mine
570 1969 762 2047 Bonifacio,
802 1969 1021 2050 insurgentes
1062 1969 1260 2033 occiderunt
1295 1971 1391 2033 urbis

438 2069 622 2134 custodes:
645 2069 900 2153 propterquod
923 2068 1069 2134 Carolus
1095 2069 1311 2134 Bonifacium
1331 2090 1390 2134 ex·

438 2187 611 2252 pugnans,
640 2169 776 2252 fugavit
803 2187 881 2233 eum
911 2169 955 2232 de
986 2169 1152 2233 comitatu
1183 2168 1389 2247 Provinciae,

438 2277 554 2334 castro
576 2270 652 2353 ejus
674 2270 718 2334 ad
740 2268 947 2334 deditionem
969 2277 1102 2333 coacto.
1154 2268 1391 2334 Marsilienses

438 2387 521 2434 vero
544 2368 675 2435 diutius
700 2370 873 2447 obsidens,
900 2368 1037 2433 tandem
1062 2369 1212 2452 subegit,
1242 2377 1277 2434 et
1302 2370 1390 2437 sedi-

439 2469 543 2534 tionis
558 2477 717 2536 auctores
736 2469 773 2534 in
793 2475 979 2552 conspectu
1002 2468 1124 2552 populi
1147 2469 1261 2551 capite
1284 2470 1389 2553 plecti

275 2589 390 2681 3303&-
438 2568 530 2634 fecit.
584 2570 685 2653 Papa
707 2569 872 2634 Urbanus
893 2569 1034 2632 beatum
1057 2569 1257 2646 Ricardum,
1272 2569 1389 2634 Cices·

278 2690 402 2732 rinnau
438 2677 586 2734 trcnsem
601 2671 813 2753 episcopum,
832 2669 994 2751 catalogo
1015 2676 1214 2732 sanctorum
1240 2669 1390 2753 adscrin

277 2742 369 2785 cm·
437 2771 495 2833 sit.
547 2768 571 2834 J
574 2785 704 2834 oannes
722 2758 898 2846 Geruasii
926 2769 1102 2851 quassatis
1128 2769 1247 2835 electis
1271 2789 1390 2834 mona·

436 2867 591 2948 chorum,
615 2889 637 2933 a
663 2869 802 2934 domino
829 2887 921 2952 papa
944 2869 985 2933 fit
1010 2869 1194 2952 episcopus
1214 2870 1390 2936 Wintoni·

437 2987 542 3032 ensis.

701 3185 723 3222 P.
736 3185 899 3222 ROMANORUM
911 3185 937 3220 B.
1039 3184 1194 3222 rnnnooault
1230 3187 1370 3224 unowanus

471 3271 597 3308 siccum.
662 3271 757 3308 uanam
768 3271 804 3309 IV.
879 3270 982 3308 menam
1039 3271 1371 3312 nouov1011x.unuulntm

1278 3335 1319 3381 47.

489 3469 709 3534 Enwnnnus
725 3467 817 3532 filius
834 3469 926 3551 regis
940 3467 1091 3552 Angliae,
1108 3490 1187 3536 cunr
1202 3475 1391 3539 exercitum

438 3569 615 3653 copiosum
646 3575 766 3634 contra
793 3570 981 3651 principem
1012 3570 1151 3636 Walliae
1182 3572 1391 3656 collegisset,

439 3676 475 3733 et
491 3669 562 3746 ille,
579 3670 622 3733 ad
646 3687 827 3733 nemorosa
846 3669 880 3733 ct
899 3669 1069 3751 palustria
1089 3670 1240 3752 fugiens,
1254 3675 1388 3757 copiam

439 3788 566 3851 pugnae
588 3788 656 3835 non
684 3768 826 3846 faceret,
854 3788 877 3832 a
905 3776 1005 3851 patre
1032 3769 1068 3838 iu
1098 3770 1263 3852 Angliam
1294 3793 1390 3838 reve

279 3890 406 3950 rueme.
439 3875 549 3934 catur.
602 3859 731 3951 Symon
744 3867 947 3942 Leicestriaa
960 3888 1088 3947 comes,
1102 3871 1307 3954 capitaneus
1330 3874 1389 3937 ba-

277 3941 411 4042 mearat
439 3988 563 4032 ronum
591 3975 713 4033 contra
734 3987 849 4050 regem
874 3967 1127 4050 insurgentium
1153 3971 1278 4050 factus,
1300 3991 1389 4055 pree·

439 4069 514 4132 dari
540 4078 693 4150 coeperat
720 4069 811 4132 bona
837 4069 911 4150 regi
936 4068 1203 4152 adhaerentium
1240 4082 1275 4137 et
1302 4093 1390 4155 prae-

439 4169 539 4250 cipue
573 4186 690 4232 eorum
724 4168 795 4248 qui,
823 4168 952 4250 reginae
983 4170 1183 4249 attinentes,
1218 4192 1280 4254 per
1312 4192 1386 4237 eam

475 4313 482 4348 ¹
495 4319 582 4367 James
594 4317 627 4381 1.,
638 4319 772 4368 summed
782 4319 824 4370 the
837 4320 990 4385 Conquerar,
1001 4323 1018 4372 i.
1027 4338 1050 4372 e.
1060 4322 1089 4372 ol
1096 4323 1138 4373 the
1150 4321 1267 4374 Balearic
1279 4325 1352 4377 isles.
