3226 5020
599 485 785 534 sualane.
1105 472 1172 536 267

268 645 428 728 Denique
459 645 682 728 triumphatis
713 645 883 721 hostibus,
914 664 976 708 rex
1006 647 1229 750 potestatin
1186 660 1229 700 ιιι
1230 659 1285 709 ιιιι
1246 669 1336 749 aad*

217 745 322 826 regiae
343 745 538 821 restitutus,
554 745 768 809 Wintoniam
796 745 838 808 de
858 745 1002 809 consilio
1022 745 1084 808 filii
1100 747 1174 810 vic·
1185 711 1268 809 lant

217 844 303 907 toris
344 844 559 926 aliorumque
606 844 871 927 parliamentum
917 852 1087 908 convocat
1137 845 1173 908 in

220 942 418 1008 Nativitate
443 943 600 1025 Virginis
631 943 804 1024 gloriosae,
834 944 893 1007 ubi
920 945 1006 1008 inito
1027 944 1174 1008 consilio

220 1043 395 1108 civitatem
412 1041 669 1108 Londoniarnm
687 1045 732 1106 ob
746 1062 844 1106 suam
862 1043 1082 1107 rebellionem
1107 1044 1174 1126 pri-

219 1142 318 1206 vavit
330 1142 488 1208 omnibus
504 1141 694 1225 privilegiis
709 1141 996 1224 libertatibusque
1011 1143 1173 1225 antiquis,

219 1241 487 1324 capitaneosqne
516 1242 678 1306 factionis
700 1249 823 1306 contra
847 1261 963 1324 regem
980 1241 1088 1326 juxta
1112 1256 1174 1306 vo*

219 1340 389 1406 luntatem
416 1360 513 1406 suam
538 1341 739 1424 plectendos
764 1341 867 1424 jubet
894 1341 1024 1406 carceri
1048 1342 1174 1406 manci-

220 1438 306 1522 pari.
360 1439 403 1504 In
422 1440 511 1506 festo
528 1460 610 1504 vero
626 1440 662 1504 S.
676 1440 838 1506 Edwardi
852 1441 944 1523 regis
962 1460 1094 1517 omnes,
1112 1442 1174 1524 qui

222 1547 345 1604 contra
356 1540 532 1605 dominum
547 1559 648 1604 suum
667 1560 782 1622 regem
793 1560 872 1605 cum
885 1541 1011 1605 comite
1025 1540 1175 1623 Symone

222 1632 418 1715 ¹stemrant,
436 1639 550 1704 edicto
568 1640 706 1722 publico
724 1639 999 1718 exheredantur;
1027 1660 1175 1722 quorum

223 1757 306 1802 mox
324 1745 434 1804 terras
446 1759 510 1803 rex
527 1738 608 1816 illis,
628 1740 689 1821 qui
703 1740 769 1803 sibi
784 1739 931 1804 fideliter
944 1739 1175 1817 adhaeserant,

225 1837 371 1904 contulit
401 1838 554 1924 pensatis
582 1839 712 1904 meritis
741 1838 969 1920 singulorum.
1024 1839 1177 1904 Exhere-

222 1937 296 2002 dati
317 1957 400 2002 vero
424 1939 659 2004 coadunantes
683 1957 721 2004 se
748 1939 877 2021 passim
903 1939 1176 2022 depraedationes

222 2044 258 2102 ot
274 2037 432 2103 incendia
448 2039 670 2104 exercebant.

274 2136 405 2202 Eodem
425 2157 516 2202 anno
538 2137 748 2217 Ottobonus,
768 2137 861 2203 tituli
883 2136 919 2201 S.
936 2137 1083 2202 Adriani
1104 2138 1176 2202 dia·

222 2256 330 2302 conus
348 2237 545 2313 cardinalis,
565 2255 586 2300 a
604 2237 744 2301 domino
766 2256 858 2319 papa
880 2235 1058 2302 Clemente
1082 2237 1175 2318 lega-

223 2344 279 2400 tus
296 2336 332 2400 in
351 2335 514 2418 Angliam
529 2336 732 2400 destinatur.
784 2335 944 2412 Carolus,
959 2335 1066 2400 frater
1082 2337 1175 2418 regis
1187 2355 1263 2396 ιιιιι
1272 2357 1297 2395 ιι

225 2435 449 2512 Francorum,
464 2435 614 2501 Romam
633 2435 773 2517 navigio
796 2435 972 2512 devectae,
994 2455 1016 2500 a
1037 2407 1258 2500 dominosury

223 2554 315 2618 papa
329 2535 559 2600 Clementem
573 2555 690 2617 regern
708 2534 835 2600 Sicilia
853 2544 1050 2602 coronatur.
1085 2535 1176 2600 Mul·
1188 2556 1229 2595 cru
1231 2556 1282 2595 ..ι

225 2635 337 2700 titudo
355 2633 580 2712 Gallicorum,
602 2653 704 2699 cruce
725 2636 865 2716 signata
886 2642 1006 2700 contra
1024 2617 1215 2700 Mende-⁸⁸
1189 2605 1240 2696 ud
1235 2610 1294 2695 iia.

226 2734 320 2811 duro,
336 2735 466 2800 habens
481 2735 681 2816 capitaneos
692 2733 886 2800 Gurdnnem
896 2734 1178 2799 Autissiodoren-

225 2853 297 2900 sem
311 2835 523 2916 episcopum,
537 2841 571 2898 et
587 2833 778 2898 Robertuur
795 2833 904 2898 filium
921 2835 1056 2898 comitis
1076 2835 1178 2900 Flan-

226 2934 371 3010 drensis,
388 2953 429 2999 ac
444 2933 640 2998 Bncardum
657 2935 817 2998 comitem
832 2933 1126 3012 Vindemiensem,
1141 2936 1177 2998 in

227 3034 417 3100 subsidium
435 3032 552 3098 Caroli
571 3032 719 3098 Romam
736 3034 905 3116 pervenit.

279 3131 359 3198 Hoc
374 3152 478 3208 anno,
497 3132 680 3198 Dominica
699 3140 780 3198 ante
801 3133 929 3196 bellum
949 3133 1178 3211 eveshamiae,
1190 3153 1245 3192 nau
1218 3149 1337 3240 ιιιιιὴιὶιι

227 3232 410 3297 multitudo
421 3232 650 3297 Wallensrum
667 3231 909 3296 somersetiam
925 3231 1179 3315 deprendatura,
1167 3182 1227 3242 ⁰¹⁰
1237 3201 1276 3241 w

228 3333 445 3414 capitaneum
470 3333 600 3396 habens
623 3331 836 3396 Willelmum
854 3331 898 3394 de
921 3330 1069 3396 Berkele
1088 3331 1178 3396 mili·

229 3445 298 3496 tem
339 3431 501 3509 nobilem,
546 3432 607 3494 sed
644 3431 836 3496 malefactis
871 3430 1053 3508 famosum,
1086 3431 1179 3513 apud

231 3531 436 3596 Minehevcd
457 3531 564 3615 juxta
583 3538 734 3596 castrum
758 3531 801 3595 de
824 3531 1043 3595 Dunnestore
1068 3530 1179 3612 appli-

230 3631 322 3709 cuit3
342 3632 467 3713 quibus
485 3649 666 3696 occurrens
681 3638 798 3694 custos
814 3631 920 3694 castri
937 3631 1049 3696 dictus
1065 3629 1180 3694 Adam

231 3729 392 3806 Gurdun,
429 3731 596 3812 plurimos
626 3729 753 3795 occidit
783 3728 912 3810 gladio,
948 3730 1182 3813 plurimosque

229 3849 306 3893 cum
331 3850 447 3894 eorum
473 3831 655 3913 capitaneo
680 3829 888 3911 compellens
909 3830 945 3892 in
965 3829 1084 3911 fugam
1099 3830 1181 3894 snb-

231 3931 340 4012 mergi
355 3930 481 4012 coegit.

594 4135 601 4170 ¹
620 4135 770 4200 ‘fecerant;’
782 4141 821 4190 Μ.
