3180 5026
437 505 481 568 14
796 523 870 571 ruo.
892 522 1040 570 nnrvnrr

438 695 636 758 germanus,
651 677 705 742 vir
725 678 844 743 multae
867 678 903 742 iu
918 695 1025 760 regno
1046 676 1225 759 potentiae,
1247 676 1392 740 callidus

437 775 621 840 admodum
639 777 926 859 pecuniosusque,
944 796 1006 840 uec
1025 794 1094 840 uon
1110 775 1147 838 in
1160 774 1291 856 Anglia
1307 795 1393 858 apo-

437 875 570 939 stolicae
584 876 676 939 sedis
687 877 837 958 legatus,
850 876 894 940 ad
908 873 1109 939 solvendam
1122 875 1335 938 obsidionem
1347 895 1392 938 ex

438 973 576 1051 Cautia,
600 993 702 1057 quam
729 975 838 1038 solam
865 993 967 1039 casus
996 993 1065 1037 uon
1093 973 1242 1038 flexerat
1263 974 1391 1055 regine,

438 1071 663 1137 Guillelmum
692 1073 871 1156 Iprensem
897 1069 987 1137 ¹cnm
1014 1073 1147 1154 regina,
1177 1080 1283 1136 etex
1313 1073 1393 1136 eliis

436 1173 623 1254 provinciis
660 1173 932 1255 quamplurimos
971 1165 1182 1254 'acquisivit
1234 1170 1392 1253 Cumque

432 1270 506 1354 jam
520 1272 705 1336 immensas
718 1273 950 1336 contraxisset
960 1271 1091 1353 copias,
1101 1290 1164 1352 per
1173 1269 1248 1333 dies
1257 1270 1392 1352 aliquot

437 1379 582 1453 uterque
602 1371 776 1434 exercitus
793 1371 989 1434 excubabat
1003 1370 1040 1433 in
1058 1369 1195 1445 castris,
1212 1375 1247 1433 et
1263 1376 1392 1450 praeter

437 1488 497 1532 eos
515 1469 632 1551 quide
653 1471 777 1533 castris
798 1470 929 1550 egressi
950 1487 1014 1550 pro
1033 1468 1159 1532 virium
1183 1469 1392 1531 exerceban-

438 1573 496 1630 tur
510 1569 753 1642 ostentatione,
768 1569 813 1631 ab
828 1575 909 1632 actu
920 1585 1046 1632 vacare
1059 1567 1183 1630 bellico
1197 1566 1391 1630 videbatur.

438 1665 570 1730 Verum
599 1666 824 1730 advenientes
852 1685 990 1747 magnes
1016 1685 1062 1745 ex
1090 1665 1390 1730 Londoniensibus

437 1765 558 1846 copiae,
578 1765 614 1828 in
634 1773 769 1829 tantum
790 1767 982 1847 augebatur
1007 1764 1265 1829 adversantium
1283 1765 1392 1847 impe-

437 1863 555 1928 ratrici
574 1864 761 1941 exercitus,
780 1872 821 1928 ut
839 1865 918 1947 ipsa
937 1864 1012 1948 jam
1033 1863 1146 1946 impar
1166 1862 1211 1927 ad
1225 1883 1392 1946 pugnam,

437 1963 561 2026 relicta
573 1962 819 2046 Wyutoniensi
838 1964 980 2028 civitate
1004 1962 1255 2045 direptionique
1281 1981 1391 2045 expo·

436 2062 518 2138 sita,
539 2055 625 2126 ³suae
640 2081 702 2144 per
723 2062 841 2144 fugam
867 2062 973 2127 saluti
994 2061 1173 2126 consulere
1195 2068 1388 2144 cogeretur.

344 2158 352 2164 ’
437 2159 572 2243 Captus
604 2169 658 2226 est
690 2161 727 2224 in
759 2161 821 2225 illa
856 2161 941 2243 iuga
972 2161 1148 2225 liebertus
1188 2159 1389 2225 Gloverniae

436 2278 564 2338 comes,
580 2279 658 2324 cnm
684 2259 762 2324 aliis
783 2261 940 2343 plurimis
965 2259 1133 2324 militibus
1155 2267 1192 2323 et
1215 2259 1389 2324 scutiferis

436 2358 563 2423 diversi
588 2361 725 2442 generis
754 2367 789 2425 et
818 2359 970 2424 honoris.
1022 2357 1133 2424 Porro
1160 2377 1224 2423 rex
1256 2358 1387 2436 David,

435 2477 479 2522 ne
504 2459 540 2522 iu
559 2478 681 2523 manus
702 2458 867 2524 incideret
890 2458 1053 2536 hostium,
1076 2457 1282 2542 quibusdam
1308 2477 1387 2522 eum

434 2565 536 2622 caute
562 2558 823 2634 deducentibus
847 2559 957 2623 multo
984 2565 1079 2621 metu
1103 2565 1140 2621 et
1161 2556 1315 2639 periculo
1341 2557 1386 2621 ad

270 2673 405 2721 rhenum·
434 2657 574 2740 propria
600 2657 777 2720 remeavit.
829 2655 921 2722 Sane
945 2656 1132 2738 insignium
1155 2655 1388 2738 captivorum,

271 2725 425 2814 diffie
436 2756 529 2838 regis
545 2754 707 2819 videlicet
730 2762 766 2820 et
784 2756 930 2833 comitis,
952 2755 1047 2820 facta
1070 2761 1124 2819 est
1149 2755 1386 2831 commutatio,

272 2824 402 2863 ‘’mm'‘
436 2861 472 2918 et
487 2855 787 2937 perseverantibus
807 2855 1007 2932 inimicitiis,
1032 2861 1177 2936 uterque
1198 2873 1263 2936 pro
1277 2854 1387 2920 altero

438 2953 503 3018 sibi
521 2951 674 3017 redditus
688 2960 742 3018 est
758 2960 795 3019 et
810 2954 895 3020 suis.

489 3051 652 3134 Rogems
679 3052 722 3116 de
749 3052 879 3131 Sicilia,
903 3052 995 3116 iilius
1022 3051 1169 3116 Roberti
1197 3050 1387 3116 Guiscardi

434 3149 640 3230 Normanni,
660 3152 719 3234 qui
739 3151 879 3235 Apuliae
901 3159 936 3216 et
958 3149 1130 3215 Calabriae
1152 3151 1385 3234 principatum

432 3250 555 3326 tenuit,
585 3270 608 3314 a
635 3270 728 3333 papa
752 3250 968 3328 Innocentio,
994 3258 1136 3332 propter
1162 3250 1386 3315 investituras

432 3349 666 3426 ecclesiarum,
696 3368 783 3431 quas
816 3349 882 3414 sibi
924 3349 1118 3430 usurpavit,
1155 3348 1386 3414 anathematis

431 3449 604 3513 sententia
623 3449 818 3513 innodatur.
871 3447 943 3526 Qui
962 3455 1044 3531 post
1062 3447 1176 3530 ipsum
1196 3466 1324 3531 papam
1347 3449 1384 3512 in

431 3547 523 3612 bello
540 3549 644 3631 cepit,
659 3555 694 3613 et
715 3567 792 3612 cum
816 3566 857 3612 eo
877 3547 971 3612 facta
993 3565 1079 3630 pace
1098 3547 1260 3624 obtinuit,
1286 3553 1327 3612 nt
1349 3548 1385 3611 in

430 3665 546 3728 regem
571 3654 796 3712 coronaretur
819 3646 958 3712 Siciliae.
1019 3646 1147 3728 Sisque
1180 3647 1312 3730 primus
1342 3646 1385 3710 de

323 3744 327 3752 ’
430 3763 557 3826 genere
588 3745 868 3811 Normannorum
884 3755 896 3774 ·
910 3765 1035 3810 nomen
1076 3745 1168 3827 regis
1202 3764 1384 3830 usurpans,

430 3852 553 3925 postea
568 3864 667 3927 paene
680 3852 789 3910 totam
807 3843 963 3910 Africam
982 3845 1179 3927 acquisivit.

466 4067 474 4099 ¹
486 4069 614 4130 ‘quierat
625 4083 683 4118 cum
694 4070 783 4134 regina
789 4065 806 4131 ;’
823 4068 893 4121 D'A.
955 4067 1047 4121 '‘snae
1058 4084 1212 4132 suorumque
1218 4065 1234 4131 ς’
1250 4071 1290 4121 M.

464 4134 656 4200 '‘accemivit;’
673 4137 720 4188 Ar.
