3252 5026
435 455 501 524 228
786 473 860 522 rue.
887 473 1035 522 rmvnrr

489 631 635 697 Cometa
657 633 819 716 apparuit
848 631 914 697 hoc
944 652 1048 710 anno,
1075 651 1194 697 versus
1222 633 1389 697 orientem

277 739 416 830 {mg}
438 731 590 816 dirigens
600 751 734 797 comam
746 752 853 796 suam.
900 733 1032 796 Beatus
1047 731 1284 808 Eadmundus,
1297 731 1390 796 Can-

272 842 414 892 mertun·
439 833 623 898 tuariensis
648 832 939 916 archiepiscopus,
956 833 991 895 in
1011 831 1137 896 Galliis
1161 833 1252 914 apud
1270 832 1388 896 villam

439 951 518 1015 quae
535 932 662 996 dicitur
676 926 791 1015 ¹Seysi
815 940 1003 1014 aegrotans,
1024 932 1160 996 tandem
1182 940 1387 1013 praesentem

438 1033 612 1096 miseriam
637 1051 781 1108 exuens,
805 1031 848 1095 ad
881 1039 1019 1096 aetemae
1042 1030 1227 1094 viriditatis
1258 1050 1390 1112 pascua

438 1133 608 1209 introivit,
638 1132 696 1196 ubi
726 1150 872 1213 sequens
905 1129 1047 1212 Agnum
1083 1131 1154 1194 Dm
1185 1150 1391 1213 quocunque

439 1231 530 1308 ierit,
544 1233 666 1313 agonis
680 1231 735 1294 sui
749 1232 900 1313 palmam
917 1223 1076 1313 accepit.²
1111 1229 1182 1293 Hic
1195 1248 1215 1293 a
1227 1231 1388 1311 pueritia,

439 1351 501 1414 per
522 1331 774 1395 sanctissimam
799 1337 944 1394 matrem
967 1348 1065 1394 suam
1085 1349 1106 1394 a
1123 1331 1241 1393 mundi
1258 1330 1390 1394 deliciis

436 1433 647 1508 abstractus,
652 1429 796 1515 jejuniis
806 1438 841 1494 et
854 1430 979 1511 vigiliis
991 1449 1128 1506 vacare,
1141 1449 1181 1494 ac
1195 1429 1238 1493 ad
1251 1448 1389 1494 carnem

440 1531 493 1596 uti
522 1530 635 1595 cilicio
662 1530 891 1594 informatur:
925 1549 994 1612 qua
1025 1530 1229 1606 instillante,
1255 1536 1390 1593 tantam

441 1631 590 1693 nominis
608 1629 761 1694 Cnmsm
780 1630 993 1694 dulcedinem
1010 1631 1046 1692 in
1065 1630 1193 1693 tenella
1208 1637 1312 1693 aetate
1336 1631 1392 1712 pie

441 1729 587 1808 biberat,
605 1737 644 1793 ut
661 1729 841 1812 proficiens
860 1729 1046 1794 virtutibus
1069 1748 1144 1794 eam
1162 1731 1197 1792 in
1214 1735 1392 1793 senectute

442 1828 609 1892 altissime
623 1829 797 1894 retineret.
842 1828 977 1893 Ductor
989 1849 1070 1893 vero
1083 1828 1265 1910 theologiae
1279 1828 1392 1893 factus

444 1927 603 2006 Oxoniae,
612 1929 771 2010 quamvis
782 1929 899 1992 multis
912 1929 1059 2010 legendo
1070 1929 1263 2010 proficeret,
1276 1936 1391 1992 tamen

442 2027 591 2092 assiduis
608 2028 923 2110 praedicationibus
941 2029 1066 2110 quibus
1088 2029 1272 2111 plurimum
1288 2047 1392 2092 vaca-

443 2128 514 2204 bat,
535 2127 645 2191 multo
668 2128 784 2210 plures
807 2129 850 2192 ad
875 2128 1062 2192 Dominum
1087 2128 1294 2192 attrahebat.
1347 2128 1391 2192 In

443 2227 607 2292 comitiva
629 2246 693 2291 sua
717 2227 842 2292 fratres
866 2228 1118 2292 Praedicatores
1145 2227 1294 2293 habebat
1310 2248 1393 2292 con-

441 2327 550 2405 tinue,
568 2347 714 2410 quorum
729 2347 817 2391 unus
832 2328 933 2392 valde
948 2347 1055 2392 senex
1070 2335 1105 2392 et
1119 2328 1312 2410 religiosus,
1328 2328 1393 2392 hoo

440 2427 485 2492 vdc
513 2447 554 2492 eo
577 2429 677 2494 nobis
704 2428 922 2492 audientibus
952 2428 1078 2492 referre
1105 2428 1249 2493 solebat.
1303 2427 1392 2492 Cum

442 2526 497 2590 die
515 2528 664 2610 quadam
682 2527 836 2610 hospites
853 2527 970 2610 magni
989 2528 1031 2591 ad
1050 2547 1205 2592 mensam
1223 2528 1391 2611 archiepi-

441 2628 538 2709 scopi
559 2628 698 2692 invitati
714 2628 872 2704 fuissent,
890 2635 925 2692 et
942 2628 1017 2710 ipse
1039 2627 1082 2692 ad
1105 2628 1284 2710 prandium
1303 2648 1392 2711 prae-

439 2732 495 2788 ter
519 2727 660 2790 solitum
688 2727 842 2791 tardaret
870 2728 999 2804 venire,
1028 2729 1193 2808 magister
1220 2729 1392 2792 Ricardus

441 2827 667 2890 cancellarius
685 2827 852 2910 ejusdem,
867 2829 926 2910 qui
944 2827 1147 2891 familiarior
1164 2829 1196 2890 ei
1213 2836 1288 2892 erat
1301 2829 1392 2892 inter

441 2932 585 3001 ceteros,
603 2925 645 2990 ad
661 2926 841 3008 capellam,
852 2928 888 2990 in
905 2947 975 3009 qua
989 2947 1087 2991 orare
1103 2928 1248 3004 solebat,
1262 2935 1300 2991 ut
1311 2948 1389 2992 eurn

442 3033 583 3090 vocaret
609 3027 774 3103 accessit;
804 3034 993 3109 apertoque
1020 3027 1274 3110 aliquantulum
1300 3029 1390 3092 ostio

441 3122 694 3207 introspiciens,
718 3125 804 3190 vidit
827 3146 905 3190 eum
929 3147 991 3209 per
1015 3146 1178 3209 magnum
1204 3129 1391 3209 spatiuma

442 3230 534 3288 terra
551 3226 737 3302 elevatum,
752 3227 906 3291 curvatis
924 3227 1081 3308 genibuS,
1097 3228 1270 3310 protensis
1288 3227 1392 3311 junc-

439 3507 528 3552 counts
547 3501 576 3550 oi
596 3503 745 3553 Barcelona.
789 3503 832 3552 He
849 3518 904 3552 was
965 3498 1094 3565 ¹‘Scysi3'
1105 3501 1149 3552 Ar.
1168 3501 1258 3563 Soisei,
1265 3502 1291 3549 in
1298 3501 1339 3550 the
1348 3502 1393 3550 de-

439 3572 576 3621 canonized
594 3574 627 3633 by
646 3572 762 3622 clement
778 3573 855 3621 VIII.
877 3574 903 3621 in
929 3577 1053 3634 partment
1067 3572 1096 3620 ol'
1108 3572 1150 3621 the
1162 3572 1237 3621 Scine
1253 3576 1278 3620 et
1291 3572 1391 3631 Marna,

440 3645 513 3691 lool.
549 3644 656 3692 Resides
674 3643 823 3700 bollandus,
842 3644 903 3693 Jan.
927 3642 1036 3692 whither
1042 3642 1075 3691 he
1086 3642 1137 3690 had
1149 3644 1212 3690 been
1225 3641 1314 3690 moved
1325 3641 1389 3690 from

438 3712 510 3771 eard,
527 3726 569 3761 see
587 3713 627 3762 his
642 3712 687 3762 life
703 3714 730 3762 in
748 3713 841 3764 Quetil
852 3713 902 3762 and
929 3713 1065 3775 Pontigny.
1086 3712 1134 3761 See
1142 3711 1310 3774 Chromdug.
1316 3711 1391 3764 Cant.

438 3780 549 3843 thard,
567 3782 660 3845 Script.
678 3782 742 3832 Ord.
757 3783 834 3832 Pred.
852 3783 902 3832 vol.
928 3783 962 3832 X.
972 3782 1064 3844 Script.
1075 3786 1149 3832 haee.

439 3852 457 3898 i.
470 3857 591 3914 plebel
602 3868 656 3914 seq.
691 3853 800 3914 Though
816 3853 848 3902 he
863 3868 902 3902 re·

437 3921 528 3984 signed
544 3923 585 3971 his
604 3923 674 3972 office
689 3921 719 3970 ol
733 3923 799 3971 head
815 3922 844 3970 oi
860 3923 902 3972 the
961 3918 973 3952 ²
989 3922 1038 3971 For
1055 3921 1097 3971 the
1110 3921 1294 3973 Constitutione
1312 3924 1342 3972 ot'
1354 3924 1391 3973 st.

437 3990 603 4042 Dominieane
622 4008 653 4041 on
673 3993 715 4040 the
736 3993 795 4054 plea
811 3992 841 4040 oi
859 3993 901 4041 old
928 3992 1057 4054 Edmund,
1078 3992 1165 4040 whose
1193 4006 1310 4042 sumame
1337 4007 1392 4044 was

437 4074 486 4121 age
508 4063 534 4109 in
562 4062 602 4111 his
620 4061 753 4123 sixtydisth
772 4077 842 4125 year,
859 4068 903 4125 yet
927 4063 1017 4123 Riobe,
1037 4077 1079 4112 see
1094 4062 1215 4124 wilkins,
1233 4063 1284 4112 vol.
1304 4065 1323 4112 i.
1346 4079 1390 4126 pp.

437 4128 469 4177 he
484 4130 552 4179 lived
570 4132 707 4193 thirty-five
725 4146 800 4193 years
821 4132 902 4193 after3
926 4137 1053 4192 blo-64⁰3
1072 4132 1122 4182 and
1132 4132 1172 4181 ior
1183 4133 1225 4182 the
1241 4133 1297 4181 bull
1310 4133 1340 4182 ol
1349 4134 1389 4183 his

437 4198 530 4260 Seript.
544 4201 607 4252 Ord.
625 4202 703 4250 Pred.
720 4201 782 4251 ibid.
801 4216 827 4263 p.
844 4206 902 4266 lot,
926 4204 1098 4252 canonization
1116 4203 1150 4264 hy
1163 4202 1284 4252 Innocent
1298 4203 1344 4253 lV.
1362 4205 1388 4252 in

437 4268 485 4316 col.
499 4273 521 4319 1.
927 4276 1000 4337 mle,
1011 4273 1073 4323 ibid.
1087 4273 1105 4322 i.
1115 4276 1175 4322 694>
