3180 5026
448 517 493 583 34
809 531 883 581 rue.
901 533 1048 580 rnrvnrr

287 707 381 775 rogor
449 689 596 771 singulis
621 682 708 752 ¹fere
731 687 865 765 diebus,
894 687 1087 753 itinerando
1118 687 1255 770 fatigat.
1316 687 1398 752 Non

286 758 419 898 {iffa
450 790 553 866 enim,
575 789 666 853 sicut
689 787 747 851 alil
769 807 880 869 reges,
902 789 939 851 in
961 787 1094 870 palatio
1122 807 1186 851 suo
1206 789 1314 871 jacet,
1338 788 1399 852 sed

276 859 323 946 ,³¹¹⁰
369 868 390 908 ε’
451 907 513 971 per
540 888 737 971 provincias
765 906 907 951 currens
932 888 1093 970 explorat
1118 886 1211 951 facta
1235 887 1400 965 omnium,

451 988 530 1052 illos
553 987 730 1071 potissime
747 986 922 1070 judicans,
945 1006 1033 1068 qnos
1064 986 1244 1050 constituit
1262 986 1398 1069 jndices

451 1087 609 1151 aliorum
662 1085 775 1150 Nemo
790 1093 844 1150 est
860 1087 1017 1167 argutior
1034 1086 1070 1149 in
1087 1086 1251 1161 consiliis,
1274 1087 1311 1148 in
1331 1086 1399 1150 elo·

452 1187 534 1270 quio
547 1187 744 1263 torrentior,
759 1186 913 1250 securior
926 1187 962 1248 in
978 1185 1151 1267 periculis,
1173 1184 1209 1248 io
1227 1186 1400 1268 prosperis

404 1363 407 1368 ,
452 1286 614 1364 timidior,
637 1286 852 1349 constantior
876 1285 912 1347 in
941 1284 1106 1348 adversis.
1157 1283 1270 1362 Quem
1295 1284 1402 1348 semel

452 1386 588 1463 dilexit,
616 1385 677 1449 vix
709 1384 886 1465 dediligit3
919 1405 1021 1466 quem
1051 1403 1133 1448 vero
1163 1383 1269 1448 semel
1304 1378 1401 1448 ²odio

451 1485 584 1560 habuit,
600 1484 661 1549 vix
675 1485 710 1547 in
729 1485 878 1566 gratiam
896 1483 1140 1547 familiaritatis
1157 1483 1321 1547 admittit.

504 1584 667 1666 ‘Semper
688 1583 724 1645 in
747 1584 906 1648 manibus
927 1592 1010 1647 sunt
1032 1601 1145 1660 arcus,
1168 1601 1280 1659 enses,
1295 1602 1401 1648 vena·

453 1683 548 1760 bula,
579 1690 614 1746 et
643 1682 802 1764 sagittae;
838 1682 905 1745 nisi
935 1683 981 1746 sit
1011 1682 1047 1745 in
1079 1682 1243 1759 consiliis,
1275 1690 1337 1746 aut
1365 1684 1401 1745 in

453 1783 560 1847 libris.
612 1781 781 1860 Quotiens
804 1780 894 1845 enim
921 1788 1035 1863 potest
1059 1801 1081 1845 a
1100 1781 1191 1844 curis
1217 1789 1252 1845 et
1274 1783 1401 1846 sollici·

453 1881 631 1946 tudinibns
652 1881 833 1964 respirare,
856 1889 990 1946 secreta
1015 1901 1053 1944 se
1074 1888 1221 1963 occupat
1244 1881 1402 1959 lectione,

454 1988 516 2045 aut
541 1982 577 2044 in
599 2001 708 2046 cuneo
736 1981 938 2045 elericorum
964 1981 1113 2063 aliquem
1138 1981 1266 2044 nodum
1287 2000 1403 2064 quaes·

454 2081 558 2145 tionis
584 2080 720 2144 laborat
743 2080 917 2144 evolvere.
976 2079 1069 2144 Nam
1096 2100 1175 2145 eum
1201 2100 1262 2143 rex
1288 2089 1404 2145 vester

453 2181 541 2244 bene
569 2180 703 2245 litteras
726 2179 873 2257 noverit,
902 2200 966 2244 rex
996 2187 1114 2244 noster
1139 2180 1242 2262 longe
1268 2179 1402 2244 littera·

454 2280 523 2343 tior
550 2287 616 2344 est.
668 2280 744 2361 Ego
771 2279 921 2342 enimin
951 2280 1092 2344 litterali
1119 2280 1264 2343 scientia
1293 2279 1402 2344 sacul-

454 2387 545 2444 tates
577 2380 756 2462 utriusque
785 2379 942 2462 cognovi.
995 2378 1098 2442 Scitis
1126 2379 1219 2462 quod
1245 2378 1404 2445 dominus

454 2499 518 2543 rex
549 2472 694 2543 ³Sieiliae
729 2498 791 2561 per
821 2498 949 2542 annum
978 2478 1166 2561 discipulus
1190 2498 1287 2542 meus
1316 2479 1402 2558 fuit3

454 2580 572 2662 etqui
602 2597 624 2641 a
645 2579 744 2642 vobis
774 2579 1030 2643 versificatoriae
1055 2586 1160 2661 atque
1188 2578 1404 2643 litteratoriae

455 2680 541 2741 artis
563 2677 734 2760 primitias
759 2675 939 2755 habuerat,
964 2698 1026 2760 per
1050 2678 1254 2743 industriam
1277 2685 1312 2742 et
1334 2679 1403 2743 sol-

454 2776 666 2840 licitudinem
696 2794 807 2839 meam
841 2769 1025 2841 *beneficia
1058 2778 1211 2842 scientiae
1241 2777 1404 2861 plenioris

455 2876 618 2940 obtinuit.
656 2875 785 2954 'Quam
812 2876 880 2940 cito
906 2882 1022 2941 antem
1045 2896 1205 2958 egressus
1227 2897 1303 2941 sum
1325 2898 1404 2959 reg·

456 2994 550 3053 num,
577 2975 651 3058 ipse
678 2975 775 3038 libris
804 2974 949 3059 abjectis
971 2971 1032 3040 ⁵ad
1058 2978 1166 3040 otium
1194 2996 1232 3040 se
1259 2977 1407 3042 contulit

456 3074 660 3158 palatinum.
707 3074 946 3140 Veruntamen
970 3075 1062 3159 apud
1088 3076 1263 3141 dominum
1289 3097 1406 3158 regem

456 3172 663 3255 Anglorum,
689 3174 891 3256 quotidiana
918 3177 993 3259 ejus
1019 3175 1139 3240 schola
1168 3183 1242 3256 est3
1276 3177 1407 3240 littera·

457 3272 669 3339 tissimorum
686 3275 903 3338 conversatio
920 3274 1030 3359 jugis,
1053 3283 1088 3340 et
1105 3275 1273 3339 discussio
1290 3295 1406 3359 quaes-

456 3373 601 3439 tionum.
655 3373 784 3437 anlus
817 3393 898 3454 rege
927 3381 1046 3439 nostro
1076 3383 1129 3438 est
1159 3373 1337 3439 honestior
1369 3377 1405 3439 in

455 3473 641 3555 loquendo,
663 3473 699 3536 in
719 3473 928 3537 comedendo
950 3473 1125 3551 urbanior,
1145 3467 1278 3537 ⁶nullus
1299 3475 1407 3538 muni-

456 3572 613 3637 ficentior
634 3573 670 3636 in
697 3572 936 3655 eleemosynis
958 3573 1103 3654 ideoque
1125 3573 1225 3655 quasi
1249 3592 1407 3656 unguen·

456 3678 530 3734 tum
540 3671 685 3736 effusum
699 3679 752 3736 est
763 3692 887 3736 nomen
899 3671 987 3755 ejus,
999 3677 1052 3736 ‘et
1064 3672 1299 3756 eleemosynas
1313 3674 1406 3736 illins

455 3781 575 3834 narrat
591 3771 701 3835 omnis
717 3771 862 3834 ecclesia
879 3762 1115 3836 sanctorum.'⁷
1187 3795 1189 3801 ’

491 3969 500 4001 ¹
517 3971 605 4020 ‘feriis
613 3966 628 4031 ;'
640 3972 679 4021 M.
690 3975 715 4019 et
726 3969 774 4022 Ar.
977 3969 1146 4033 “paulatim
1160 3972 1194 4020 ud
1208 3972 1287 4020 otium
1305 3987 1333 4021 se
1349 3986 1408 4022 con·

490 4037 501 4068 ²
516 4040 525 4068 ‘
533 4054 625 4089 exosus
637 4039 756 4089 habuerit
764 4036 779 4101 ;’
792 4040 833 4091 ed.
844 4045 916 4091 1119.
942 4042 1003 4091 tulit
1012 4037 1027 4100 ;’
1046 4042 1087 4091 ed.
1101 4045 1173 4090 1519.

489 4106 573 4159 'Via
591 4109 704 4158 William
723 4109 762 4160 II.
781 4112 917 4160 surnamed
976 4108 987 4141 ⁶
1004 4111 1055 4160 Ed.
1077 4115 1141 4160 1519
1166 4111 1257 4160 inserts
1274 4110 1407 4160 ‘modera-

455 4179 512 4228 ‘the
522 4174 613 4229 Goon!
941 4181 990 4228 tior
1003 4181 1029 4229 in
1046 4181 1155 4229 bibendo
1162 4180 1181 4238 ,·'
1192 4180 1253 4244 aud,
1265 4179 1364 4229 instead
1380 4181 1409 4230 ol

490 4246 501 4278 ⁴
516 4250 681 4299 ‘beneficium
690 4245 706 4311 ;’
717 4250 790 4314 Holl,
801 4245 880 4313 D’A„
891 4255 917 4299 et
941 4251 1116 4313 eleemosynis,
1126 4249 1234 4299 ‘donia'

454 4319 496 4369 ed.
509 4323 582 4370 1⁵19.
976 4316 1102 4371 'Erulum
1114 4320 1186 4370 xxxi.
1200 4324 1239 4369 ll.
