3226 5020
436 498 502 562 254
802 514 1039 564 marmur

437 672 596 756 publicis,
627 682 698 738 tam
738 676 830 758 apud
868 675 1120 740 Praedicatores
1159 692 1262 757 quam
1298 673 1389 755 apud

438 773 606 850 Minores,
632 774 724 856 regis
757 773 898 858 Angliae
941 775 1145 858 comitisque
1192 774 1388 838 Leicestriau

437 887 619 955 processus
651 882 819 958 gestaque
859 875 1075 952 declaravit,
1095 875 1131 938 in
1162 873 1387 938 concordato-

437 992 508 1036 rem
539 974 753 1038 amicabilem
787 975 951 1058 pacisque
985 975 1150 1039 arbitrum
1182 994 1220 1037 se
1253 972 1389 1037 admitti

438 1065 625 1154 ¹prornisit.
664 1073 947 1139 Assentientibus
965 1075 1084 1157 itaque
1099 1074 1268 1158 partibus,
1283 1072 1389 1136 iacta-

438 1191 506 1255 que
535 1173 766 1238 submissione
796 1174 869 1256 regi
901 1174 1126 1250 Francorum,
1157 1193 1219 1237 rex
1249 1173 1388 1253 Angliae

437 1277 474 1335 et
500 1271 693 1338 Edwardus
722 1274 814 1338 filius
838 1273 913 1357 ejus
939 1293 1017 1337 cum
1049 1273 1204 1356 praelatis
1232 1272 1388 1354 plurimis

437 1371 536 1452 regni
558 1370 764 1455 Auglorum,
784 1373 828 1438 ad
851 1372 1056 1438 audiendum
1079 1373 1209 1437 dictum
1235 1379 1270 1436 et
1294 1365 1387 1435 ²lau-

438 1471 519 1534 dum
541 1472 678 1553 praefati
704 1474 806 1554 regis,
832 1474 924 1539 circa
945 1474 1071 1536 festum
1094 1472 1131 1536 S.
1146 1471 1322 1537 Vincentii
1350 1491 1387 1535 se

440 1569 584 1634 Parisiis
613 1580 877 1654 praesentarunt.
930 1571 1055 1636 Comes
1072 1591 1154 1636 vero
1179 1570 1385 1647 Leicestriae‚

342 1642 355 1670 ⁸
438 1663 543 1754 ⁸[sive
566 1673 649 1753 quia
675 1691 790 1753 regem
825 1672 1038 1736 Francorum
1071 1679 1214 1754 propter
1244 1679 1388 1735 matrem

439 1769 515 1853 ejus
538 1771 603 1834 sibi
634 1769 797 1835 offensam
824 1779 1024 1855 suspectum
1052 1770 1185 1850 habuit,
1213 1771 1287 1834 sive
1318 1770 1389 1834 alia

438 1869 481 1932 de
506 1888 612 1934 causa
634 1890 703 1934 non
727 1870 813 1935 satis
836 1879 931 1948 uota,
953 1872 1172 1954 praesentiam
1190 1889 1289 1934 suam
1309 1871 1386 1934 sub

438 1969 589 2044 trahens,
607 1969 642 2033 iu
666 1967 797 2052 Anglia
816 1972 1036 2054 prosequitur
1048 1971 1222 2035 inchoata.
1274 1971 1388 2052 Igitur

438 2087 483 2131 ex
506 2075 589 2134 tuuc
614 2069 774 2151 Rogerus
796 2071 839 2134 de
862 2071 1121 2148 Mortuo-mari,
1144 2070 1181 2134 in
1197 2071 1300 2134 rebus
1316 2071 1388 2135 bel-

438 2167 513 2232 licis
536 2168 634 2232 miles
653 2177 831 2252 expertus,
856 2171 987 2254 praedia
1010 2171 1147 2234 comitis
1172 2170 1385 2258 Leicestriae]

437 2266 609 2332 dominica
626 2271 732 2352 coepit
751 2270 955 2354 depraedari.
994 2269 1126 2335 Contra
1142 2289 1243 2353 quem
1259 2290 1385 2348 comes,

437 2367 601 2451 adjuncto
627 2369 693 2433 sibi
718 2369 872 2452 principe
894 2370 1046 2447 Walliae,
1074 2389 1389 2453 progressus,.cas-

436 2474 528 2530 trum
559 2469 602 2533 de
638 2468 821 2534 Radenore
853 2470 1000 2547 obsedit,
1031 2478 1067 2534 et
1106 2471 1150 2534 ad
1178 2470 1386 2534 deditionem

435 2568 559 2650 coegit.
612 2568 804 2633 Edwardus
834 2569 926 2634 filius
958 2569 1050 2650 regis
1081 2569 1221 2652 Angliae
1246 2569 1289 2634 de
1320 2569 1386 2634 Pa-

436 2667 527 2730 risiis
553 2685 743 2748 regressus,
767 2676 883 2734 castra
909 2669 1044 2733 comitis
1067 2668 1282 2734 Herelordiae
1306 2669 1387 2753 Hey

436 2774 472 2831 et
498 2765 731 2848 Huntingdou
757 2769 861 2851 cepit,
883 2777 918 2833 et
939 2776 1091 2833 castrum
1118 2769 1297 2834 Brecouiae
1322 2771 1387 2834 sibi

436 2864 605 2928 redditum
624 2866 766 2947 Rogero
782 2868 825 2932 de
841 2867 1087 2932 Mortuo-mari
1107 2869 1250 2934 tradidit
1271 2877 1387 2933 custo-

434 2963 596 3029 diendum
630 2985 708 3028 cum
741 2967 915 3032 territorio
949 2968 1133 3052 adjacenti.
1211 2969 1386 3033 Robertus

435 3083 549 3127 comes
566 3064 737 3143 Derheiae,
753 3066 814 3150 qui
833 3068 950 3132 comiti
974 3068 1116 3151 Symoui
1131 3068 1290 3146 adhaesit,
1305 3069 1386 3133 civi·

434 3169 542 3227 tatem
566 3163 758 3246 Wigoruiae
787 3166 932 3244 obsedit,
957 3175 992 3231 et
1017 3188 1079 3250 per
1108 3175 1205 3232 vetus
1235 3175 1385 3232 castrum

434 3262 622 3344 ingressus
638 3265 730 3328 hona
753 3267 880 3329 civium
903 3266 1056 3349 diripuit,
1074 3267 1097 3331 J
1100 3267 1286 3351 udaeosque
1300 3269 1386 3350 hap·

435 3364 534 3428 tizari
556 3365 683 3446 coegit·
718 3387 720 3390 ·
751 3365 863 3447 Capta
889 3374 943 3430 est
972 3374 1007 3430 et
1032 3366 1113 3430 villa
1140 3366 1338 3432 Gloverniac
1364 3387 1386 3432 a

433 3463 620 3527 baronibus
643 3463 743 3543 aliis3
768 3484 855 3547 quos
878 3465 1053 3530 insecutus
1069 3465 1261 3532 Edwardus
1278 3487 1299 3531 a
1317 3477 1386 3532 ter·

435 3582 492 3644 go,
508 3572 669 3646 reparato
681 3572 786 3647 ponte
801 3585 905 3648 super
915 3565 1106 3642 Sabrinam,
1124 3587 1226 3650 quem
1241 3568 1386 3632 barones
1433 3583 1437 3590 ·

434 3664 515 3744 post
541 3663 724 3727 transitum
754 3683 853 3728 suum
877 3685 998 3730 versus
1027 3665 1250 3731 Gloverniam
1276 3667 1385 3749 frege-

434 3770 526 3840 rant,
549 3771 700 3827 castrum
721 3756 918 3829 Gloverniae
943 3784 1021 3830 cum
1041 3767 1113 3830 suis
1136 3767 1291 3831 intravit.
1343 3767 1386 3830 ln

435 3863 598 3939 crastino,
627 3871 834 3945 procurante
865 3864 1024 3929 Waltero
1053 3865 1289 3950 Wigorniensi
1315 3868 1387 3950 epi·

470 4085 478 4118 ¹
497 4088 534 4137 Or
553 4088 688 4150 ‘permisit
696 4090 712 4148 ;’
728 4089 813 4139 which
832 4089 895 4140 Hall
921 4091 964 4140 the
975 4092 1136 4144 arbitration:
1157 4093 1274 4142 ‘laudem
1282 4089 1298 4155 ;’
1315 4094 1353 4144 M.
1363 4099 1387 4142 et

434 4158 531 4220 prefers
543 4158 593 4206 aud
602 4158 701 4219 adopts.
921 4161 968 4212 Ar.

957 4229 968 4260 ³
983 4231 1124 4280 Allwithin
1131 4231 1202 4280 these
1213 4232 1331 4282 brackets
1342 4249 1385 4284 are

469 4295 479 4324 ²
496 4296 533 4345 Or
543 4311 611 4346 more
622 4297 759 4359 correctly‘
767 4297 886 4362 laudam,’
922 4302 1058 4363 carelessly
1069 4302 1173 4351 omitted
1184 4303 1210 4350 iu
1222 4302 1269 4352 Ar.
