3252 5026
442 467 508 531 208
799 485 873 532 ruc.
897 485 1049 531 rarvnrr

442 642 691 706 Somersetensi
711 649 747 706 et
767 642 979 716 Dorsetensi‚
998 640 1163 705 custodiis
1181 647 1218 703 et
1234 639 1395 711 forestis;

444 741 627 824 Philippus
644 742 688 804 de
706 741 823 817 Mark,
847 743 906 824 qui
928 748 1044 805 castra
1067 740 1109 803 de
1128 739 1344 819 Notingham
1361 745 1396 801 et

442 841 484 905 de
501 841 609 905 Pecto
627 861 703 905 cum
719 841 941 905 comitatibus
958 839 1218 921 Notinghamiae
1234 848 1269 903 et
1288 840 1396 902 Dere-

440 943 538 1024 beyae
564 961 605 1004 ac
632 941 791 1018 forestis,
826 941 1042 1022 Engelardus
1067 940 1110 1002 de
1136 933 1306 1014 lCiconia,
1335 939 1396 1020 qui

441 1051 557 1104 castra
582 1041 626 1104 de
646 1040 884 1105 Windelesore
912 1049 947 1105 et
975 1040 1018 1104 de
1048 1039 1209 1114 Odiham,
1236 1039 1273 1100 in
1302 1038 1394 1118 regis

439 1140 602 1223 injuriam
617 1140 848 1216 detinuerant,
871 1146 907 1203 et
924 1159 1015 1204 nunc
1037 1140 1151 1202 coacti
1173 1145 1255 1202 sunt
1278 1137 1394 1201 omnia

440 1241 616 1321 resignare
638 1241 743 1321 regiae
766 1241 950 1304 voluntati.
1002 1239 1183 1302 Hubertus
1200 1238 1243 1301 de
1262 1237 1393 1318 Burgo,

440 1358 555 1404 comes
589 1338 736 1416 Cantiae,
776 1359 928 1404 sororem
966 1340 1057 1421 regis
1096 1338 1222 1401 Scotiae
1259 1337 1393 1417 accepit

439 1458 604 1514 uxorem3
635 1440 695 1521 qui
722 1441 767 1503 ob
796 1438 1003 1522 probitatem
1029 1445 1065 1501 et
1090 1437 1290 1500 fidelitatem
1318 1436 1392 1498 exi·

440 1539 542 1602 miam
566 1545 682 1602 custos
705 1538 797 1620 regis
815 1538 956 1622 Juvenis
981 1545 1017 1601 et
1033 1537 1141 1601 totius
1160 1535 1296 1616 Angliae
1315 1535 1391 1618 jus·

440 1637 590 1702 titiarius
615 1638 728 1702 factus
757 1645 821 1715 est,
849 1638 1001 1702 omnium
1025 1637 1068 1700 de
1090 1657 1198 1718 regno
1223 1634 1391 1719 majorum

440 1756 595 1802 assensu.

363 1865 375 1892 ο
496 1836 660 1918 Pelagius
694 1837 894 1919 apostolicae
927 1836 1019 1900 sedis
1052 1837 1188 1918 legatus
1218 1836 1253 1901 in
1283 1834 1393 1898 Terra

303 1915 322 1992 en
340 1915 357 1992 .⁰
440 1936 581 2012 Sancta,
603 1936 745 2000 infesto
767 1937 1003 2018 apostolorum
1019 1936 1117 2000 Petri
1137 1944 1172 2000 et
1190 1935 1293 1999 Pauli
1314 1952 1391 1997 cum

440 2054 568 2117 magna
592 2043 691 2118 parte
719 2037 892 2101 exercitus
919 2056 1040 2100 versus
1072 2036 1283 2119 Babylonem
1313 2052 1392 2115 pro-

440 2134 562 2211 fectus,
579 2154 657 2199 cum
674 2135 718 2198 ad
740 2136 854 2200 locum
877 2136 1039 2213 medium,
1061 2137 1120 2198 ubi
1143 2135 1247 2199 Nilus
1269 2135 1304 2197 in
1328 2133 1394 2195 tria

440 2254 568 2316 magna
579 2235 721 2298 flumina
735 2236 915 2312 scinditur,
923 2223 1090 2313 venisset3
1109 2241 1278 2317 occupato
1289 2239 1394 2316 ponte

441 2353 542 2416 quem
565 2328 644 2418 ²[de
673 2336 835 2416 navibus]
862 2335 1026 2398 Saraceni
1054 2341 1333 2409 construxerant,
1357 2332 1392 2394 in

441 2435 583 2516 planitie
616 2435 745 2499 littoris
777 2435 927 2499 tentoria
957 2435 1017 2516 figi
1050 2434 1168 2517 jussit.
1220 2432 1391 2497 Soldanus

441 2533 657 2600 Christianos
677 2534 850 2599 ferventes
872 2552 948 2598 esse
965 2534 1148 2598 attendens
1171 2532 1215 2596 ad
1238 2551 1390 2615 pugnam

441 2634 553 2698 noluit
568 2641 688 2716 aperto
713 2641 822 2697 marte
842 2633 1040 2715 confligere,
1060 2633 1120 2696 sed
1144 2640 1184 2696 ut
1203 2633 1390 2696 exercitum

441 2733 609 2815 affligeret
624 2731 749 2809 inedia,
772 2733 947 2815 prohibuit
968 2733 1245 2816 apportationem
1258 2733 1391 2796 victua-

441 2833 538 2908 lium,
554 2833 688 2895 viarnm
705 2832 855 2896 aditibus
869 2832 1022 2914 undique
1036 2832 1228 2896 custoditis.
1268 2831 1391 2913 Super-

441 2933 537 2995 venit
560 2938 595 2995 ot
618 2931 799 2995 inundatio
824 2931 910 3008 Nili,
939 2952 1017 3014 quae
1046 2938 1154 2996 totam
1184 2937 1309 2994 terram
1334 2932 1392 2994 ubi

441 3036 517 3094 erat
544 3031 716 3094 exercitus
742 3031 882 3095 Domini
909 3050 1092 3114 occupans
1126 3050 1236 3112 usque
1262 3030 1306 3094 ad
1335 3051 1392 3112 ge-

442 3150 547 3194 nuum
580 3129 849 3211 profunditatem
878 3131 1020 3196 resolvit
1043 3133 1077 3194 in
1104 3151 1252 3195 coenum.
1307 3129 1393 3208 Qui-

442 3231 506 3292 bus
535 3229 636 3292 malis
667 3231 778 3294 coacti
810 3237 892 3294 sunt
926 3230 1114 3295 Christiani
1145 3229 1205 3316 (oa
1235 3231 1394 3312 pactione

442 3329 534 3413 quod
557 3348 639 3411 pars
660 3330 771 3394 crucis
794 3330 986 3394 Dominicae
1009 3350 1112 3412 quam
1134 3330 1305 3394 Soldanus
1325 3329 1394 3392 Ba·

442 3429 578 3512 bylonis
601 3436 636 3492 et
651 3428 816 3492 Damasci
839 3436 1078 3512 asportaverat
1096 3429 1138 3494 de
1158 3429 1393 3512 lerosolymis,

443 3529 492 3591 eis
516 3528 728 3606 redderetur,
751 3530 1047 3611 liberarenturque
1069 3549 1187 3593 omnes
1206 3529 1393 3594 Christiani

443 3629 584 3709 captivi,
606 3628 688 3692 dato
711 3629 808 3693 salvo
831 3629 1002 3693 conductu
1018 3647 1128 3710 usque
1145 3626 1299 3713 Achon,)
1318 3629 1391 3690 Da-

441 3728 584 3791 miatam
615 3728 796 3792 Saracenis
822 3728 975 3804 reddere,
1000 3729 1225 3810 induciasque
1248 3729 1285 3791 in
1312 3734 1391 3792 octo

296 3855 346 3884 000„
443 3846 551 3891 annos
590 3827 745 3906 firmare3
788 3827 906 3909 sicque
949 3828 1125 3905 Damiata,
1169 3835 1273 3909 capta
1314 3847 1393 3891 cum

289 3906 356 3983 ⁰⁸⁸&
376 3955 395 3985 a
442 3933 581 4009 sumptu
596 3927 749 3992 maximo
771 3934 806 3990 et
822 3927 951 4004 labore,
971 3935 1006 3992 et
1022 3948 1082 4010 per
1098 3947 1225 3992 annum
1241 3946 1262 3990 a
1279 3927 1394 3992 Chris·

297 4006 308 4034 ⁰
333 4023 366 4034 ''
442 4026 546 4089 tianis
569 4044 741 4108 possessa,
763 4027 799 4088 in
828 4026 1023 4092 Nativitate
1049 4027 1206 4108 Virginis
1231 4026 1391 4108 gloriosae

513 4247 678 4315 ¹‘Siconia5’
691 4255 729 4303 M.
742 4259 766 4302 et
777 4253 824 4304 Ar.
876 4251 881 4322 Ι
931 4253 966 4284 ²‘
974 4257 1006 4305 de
1018 4253 1196 4306 navibus’are
1207 4257 1270 4306 from
1282 4258 1321 4308 M.
