3170 5020
590 513 771 563 inurens.
1089 496 1156 560 389

204 669 298 747 ditis,
326 671 458 735 rimatis
485 680 521 736 et
546 671 752 735 examinatis
785 678 820 735 et
846 669 1029 750 diligenter
1053 669 1154 732 intel·
1165 679 1274 772 gdppg'·

99 813 105 826 .
203 765 304 833 lectis
319 773 469 852 partium
481 771 483 776 '
487 771 635 855 juribus,
655 770 804 835 finaliter
822 771 857 833 in
878 768 1063 852 praesentia
1078 788 1150 833 om·
1165 743 1269 832 thi'hne·

203 868 299 931 nium
324 869 546 951 praelatorum
570 877 606 934 et
628 869 793 934 nobilium
815 871 914 952 quasi
932 869 1039 933 totius
1054 870 1153 950 regni

204 966 343 1046 Scotiae,
366 977 401 1034 et
421 969 463 1033 de
481 969 660 1034 voluntate
683 976 717 1033 et
740 988 884 1034 assensu
906 986 1072 1050 expresso
1093 988 1151 1032 eo-

204 1067 346 1131 rundem
372 1069 608 1151 procedentes,
638 1068 812 1133 Joannem
841 1068 883 1131 de
912 1067 1063 1132 Balliolo
1091 1067 1151 1132 de-

202 1166 273 1230 bite
296 1168 509 1250 praefecimus
529 1171 565 1232 in
588 1188 704 1250 regem
727 1168 920 1243 Scotorum,
942 1186 1044 1250 quem
1068 1173 1151 1231 tunc

204 1265 240 1329 in
268 1269 484 1332 successione
510 1268 664 1353 ejusdem
695 1267 795 1349 regui
827 1267 961 1332 heredis
984 1265 1067 1349 jura
1098 1266 1151 1329 in-

204 1366 360 1430 venimus
390 1367 515 1432 hahere
548 1367 706 1449 potiora3
745 1366 805 1449 qui
835 1366 971 1449 quidem
1002 1365 1149 1447 praelati,

204 1465 356 1541 comites,
383 1474 418 1529 et
439 1469 594 1542 barones,
622 1466 885 1530 communitates
907 1484 949 1529 ac
971 1463 1076 1528 ceteri
1100 1465 1150 1528 iu·

203 1563 289 1627 colae
315 1566 412 1646 regni
443 1565 550 1648 ipsius
578 1565 785 1629 sententiam
812 1573 967 1629 nostram
992 1569 1150 1646 accepta·

204 1669 339 1740 verunt,
371 1666 662 1746 approbaverunt,
694 1671 729 1728 et
759 1665 873 1747 ipsum
904 1662 928 1727 J
930 1682 1075 1728 oannem
1108 1663 1151 1727 de

205 1763 369 1827 mandato
395 1772 514 1829 nostro
540 1765 668 1828 virtute
694 1763 798 1847 hujus
824 1763 947 1847 judicii
975 1762 1011 1824 in
1035 1782 1151 1844 regem

204 1881 304 1926 suum
320 1861 541 1928 admiserunt.
587 1862 642 1928 Ac
663 1862 754 1928 idem
770 1862 925 1927 loannes
946 1882 1009 1926 rex
1024 1861 1152 1926 Scotiae

204 1981 267 2044 pro
288 1982 394 2044 regno
420 1983 484 2028 suo
510 1963 676 2046 praedicto
704 1963 803 2027 nobis
831 1962 1030 2044 homagium
1056 1961 1151 2026 debi-

206 2068 278 2123 tum
304 2069 339 2125 et
360 2069 561 2126 consuetum
592 2062 685 2138 fecit,
712 2068 747 2126 et
772 2061 948 2126 fidelitatis
972 2062 1151 2144 juramen·

204 2167 276 2223 tum
312 2161 486 2241 praestitit,
519 2169 554 2225 et
587 2167 716 2224 extunc
745 2166 816 2223 tam
846 2160 881 2222 in
915 2159 1152 2242 parliamentis

205 2278 311 2340 quam
350 2261 384 2322 in
423 2260 575 2323 consiliis
617 2259 756 2335 nostriS,
789 2265 956 2341 tauquam
994 2258 1152 2323 subditus

205 2365 334 2435 noster,
359 2359 449 2423 sicut
478 2358 536 2422 alii
562 2358 604 2421 de
634 2377 741 2438 regno
765 2364 896 2434 nostro,
923 2356 1090 2434 interfuit,
1113 2365 1153 2423 et

203 2457 312 2521 nostri
345 2464 511 2540 tanquam
537 2456 665 2522 domini
688 2457 742 2521 sui
773 2456 962 2538 superioris
989 2456 1151 2539 benepla-

205 2557 283 2619 citis
305 2563 340 2620 et
361 2557 533 2621 mandatis
554 2556 716 2620 obediens
742 2563 777 2620 et
798 2556 978 2621 intendens
1004 2557 1152 2634 exstitit,

204 2675 383 2739 quousque
410 2657 499 2720 idem
522 2654 678 2720 loannes
700 2675 762 2719 rex
786 2655 923 2732 Scotiae,
946 2664 981 2720 et
1003 2655 1150 2737 praelati,

203 2756 346 2821 comites
371 2763 407 2818 et
440 2757 599 2832 barones,
633 2754 777 2831 nobiles,
807 2755 1079 2830 communitates,
1110 2774 1151 2820 ac

201 2856 306 2918 ceteri
330 2854 452 2920 incolae
481 2854 630 2938 majores
665 2852 820 2937 ejusdem
851 2857 961 2935 regni,
991 2873 1036 2918 ex
1061 2874 1151 2936 prae·

205 2963 372 3037 concepta
397 2954 530 3018 malitia
559 2961 595 3017 et
624 2953 825 3035 praelocuta,
853 2973 894 3017 ac
920 2953 1152 3036 praeordinata

204 3053 409 3136 proditione,
435 3052 686 3118 communicato
711 3053 854 3117 consilio
880 3072 958 3116 cum
987 3046 1149 3116 ¹Francis

205 3159 288 3216 tunc
313 3153 459 3216 inimicis
481 3152 609 3216 nostris
632 3152 837 3234 capitalibus
861 3152 1006 3216 notoriis
1031 3153 1149 3216 amici·

205 3251 272 3320 tias
297 3252 514 3334 copularunt,
537 3271 578 3315 ac
600 3251 789 3334 pactiones,
811 3251 1095 3333 conspirationes,
1115 3258 1151 3316 et

204 3351 472 3434 conjurationes
503 3352 540 3414 iu
577 3350 878 3415 exheredationem
917 3357 1084 3427 nostram,
1116 3357 1152 3415 et

205 3449 368 3514 heredum
389 3457 597 3526 nostrorum,
621 3469 662 3513 ac
683 3449 781 3532 regni
805 3449 925 3527 nostri,
948 3457 1070 3513 contra
1091 3448 1150 3513 de·

204 3549 314 3613 bitum
338 3549 537 3630 homagium
563 3549 674 3625 nobis,
700 3550 736 3612 in
757 3548 883 3612 crimen
910 3549 1003 3613 laesae
1029 3548 1151 3631 majas

206 3650 290 3713 tatis
318 3651 476 3733 nequiter
501 3648 694 3725 incidendo,
717 3647 895 3711 fidelitatis
917 3649 1151 3732 juramentum

206 3749 356 3814 inierunt
386 3768 463 3813 cum
494 3749 626 3813 iisdem.
695 3747 826 3812 Verum
854 3766 932 3810 cum
961 3748 1152 3830 praemissa,

205 3846 371 3913 relatione
393 3848 540 3914 etfama
560 3847 699 3930 publica
720 3846 762 3910 ad
782 3865 882 3910 aures
902 3854 1040 3910 nostras
1054 3847 1153 3910 deve-

204 3947 349 4026 nissent,
387 3948 543 4012 volentes
578 3946 703 4011 futuris
745 3946 906 4029 periculis
945 3965 1153 4028 praecavere,

206 4066 285 4129 quae
307 4067 352 4111 ex
374 4047 428 4110 his
448 4053 483 4111 et
501 4046 579 4110 aliis
597 4052 740 4129 possent
762 4046 873 4121 nobie,
890 4066 997 4128 regno
1021 4043 1154 4123 nostro,

277 4272 284 4302 ¹
302 4273 364 4322 This
375 4272 446 4322 word
457 4273 481 4321 is
492 4271 605 4333 wanting
617 4271 642 4319 in
656 4271 716 4320 God.
730 4270 805 4333 Reg,
815 4269 861 4319 Ar.
872 4272 931 4332 22⁰,
942 4269 992 4318 and
1004 4268 1084 4319 Wals.
