3252 5026
267 3067 361 3108 crussde

267 3118 351 3166 against
359 3118 396 3158 the

267 3167 398 3218 Albigenres,

426 479 492 544 214
787 492 862 541 ruo.
876 493 1024 540 rarvsrr

428 654 604 719 Lodovico
635 655 791 719 totaliter
821 674 858 718 se
892 653 1060 717 submisit.
1124 650 1255 716 Eodem
1289 669 1380 714 anno

429 753 623 819 Fankesius
662 754 705 818 de
738 756 902 832 Breaute,
938 761 1060 818 contra
1094 772 1209 834 regem
1242 750 1381 832 Angliae

427 854 622 936 insurgens,
643 863 796 919 castrum
819 853 1035 918 Bedefordiae
1057 852 1162 916 armis
1185 851 1331 915 munivit
1347 857 1382 914 et

428 956 648 1032 victualibus,
681 955 833 1036 virisque
858 953 1020 1030 strenuis
1050 960 1085 1017 et
1117 952 1160 1017 ad
1190 951 1282 1015 bella
1311 951 1381 1014 for-

427 1054 582 1119 tissimis.
634 1055 737 1134 Quod
760 1074 838 1120 cum
861 1075 922 1118 rex
947 1052 1124 1117 obsidione
1144 1052 1322 1128 cinxisset,
1346 1059 1381 1115 et

427 1154 464 1217 in
494 1154 741 1239 Assumptioue
767 1154 925 1235 Virginis
949 1153 1110 1235 gloriosae
1133 1151 1301 1216 violenter
1324 1171 1379 1214 ce-

428 1255 547 1337 pisset,
575 1275 707 1332 omnes,
737 1255 797 1338 qui
826 1252 912 1317 illud
940 1261 1060 1318 contra
1089 1252 1301 1317 voluntatem
1331 1271 1381 1315 re

428 1354 520 1436 giam
543 1361 738 1431 tenuerant,
760 1353 924 1437 suspendi
946 1353 1027 1417 fecit
1041 1351 1086 1415 ad
1108 1352 1255 1416 aliorum
1274 1359 1381 1414 terro-

428 1473 512 1519 rem.
574 1455 768 1520 Faukesius
802 1473 897 1530 vero,
931 1454 1046 1518 subito
1078 1451 1227 1516 fortunae
1256 1450 1327 1515 ictu
1360 1467 1381 1514 a

428 1573 563 1618 summa
586 1555 765 1638 opulentia
790 1553 957 1637 dejectus,
986 1554 1023 1616 in
1051 1559 1185 1616 tantam
1210 1549 1300 1614 infra
1322 1569 1381 1614 au-
1419 1566 1421 1569 ’

429 1674 511 1718 num
536 1655 656 1719 incidit
673 1661 875 1736 egestatem,
897 1653 1014 1734 utqui
1034 1652 1138 1734 paulo
1153 1657 1234 1715 ante
1248 1659 1381 1715 ceteros

430 1752 569 1835 Angliae
595 1774 755 1836 proceres
779 1753 977 1818 divitiarum
1001 1753 1113 1834 gloria
1135 1751 1266 1815 anteire
1288 1749 1380 1814 vide-

429 1854 544 1931 batur,
565 1853 641 1937 jam
660 1861 759 1918 actus
781 1853 816 1916 in
841 1853 1001 1916 exsilium
1024 1861 1161 1916 tenuem
1183 1851 1219 1914 in
1240 1843 1382 1914 ¹Galliis

429 1952 646 2034 quaeritando
673 1954 814 2029 victum,
842 1954 947 2017 etiam
974 1951 1099 2034 capitis
1125 1949 1380 2014 reclinatorium

430 2072 498 2116 nou
531 2053 685 2118 haberet.
753 2053 954 2136 Suppressis
988 2053 1095 2134 igitur
1126 2071 1188 2134 per
1217 2049 1380 2132 Angliam

429 2152 587 2230 inimicis,
622 2152 730 2235 coepit
761 2172 822 2216 rex
853 2151 995 2235 pacifice
1028 2151 1269 2215 administrare
1301 2169 1380 2231 reg·

429 2272 531 2331 num;
560 2251 620 2316 sed
643 2252 796 2316 nondum
815 2253 847 2316 ei
869 2251 913 2316 ad
932 2251 1165 2333 recuperanda
1184 2249 1320 2332 perdita
1344 2249 1380 2312 in

429 2353 585 2435 partibus
617 2351 826 2416 Galliarum
841 2352 1048 2434 suppetebat
1079 2351 1238 2415 facultas.
1299 2348 1381 2412 Hoc

429 2471 519 2516 anno
559 2471 581 2516 a
618 2472 710 2536 papa
747 2452 906 2517 Honorio
943 2451 1166 2516 confirmatus
1206 2457 1259 2514 est
1297 2447 1381 2514 ordo

427 2545 636 2617 ²Minorum.

455 2762 481 2796 1).
494 2763 520 2797 li.
531 2761 551 2796 J.
563 2761 586 2797 ὓ.
684 2761 707 2796 l’.
721 2759 883 2795 ROMANORUM
897 2760 922 2797 u.
1015 2759 1167 2796 Francorum
1214 2758 1353 2794 ANGLORUM

694 2908 718 2952 9.
861 2910 885 2954 5.
897 2908 938 2955 ll.
1085 2909 1109 2952 2.
1267 2906 1291 2950 9.

480 3041 689 3110 Louovrcus
724 3046 936 3111 Francorum
972 3068 1047 3124 rex,
1086 3047 1302 3130 praelatique,
1340 3063 1382 3109 ac

429 3162 587 3225 proceres
624 3146 867 3230 quamplurimi
906 3147 942 3210 in
981 3147 1140 3223 Francia,
1180 3165 1202 3210 a
1241 3145 1380 3209 domino

428 3236 616 3322 ³R0mauo,
646 3245 792 3310 diacono
821 3247 1000 3325 cardinali,
1025 3247 1162 3328 signum
1188 3246 1300 3310 crucis
1324 3263 1380 3308 ac-

428 3343 561 3426 cipiunt
585 3353 707 3410 contra
732 3346 913 3412 haereticos
938 3345 1154 3429 Albigenses
1208 3344 1382 3410 Ricardus

428 3462 542 3506 comcs
568 3443 765 3525 Cornubiae,
789 3446 896 3510 frater
917 3447 1021 3530 regis,
1043 3453 1078 3510 et
1093 3445 1284 3511 avunculus
1306 3445 1382 3527 ejus

428 3541 624 3608 Willelmus
643 3565 758 3610 comes
782 3546 917 3625 Sarum,
940 3567 1017 3611 cum
1041 3546 1159 3611 multis
1182 3545 1381 3628 proceribus

427 3643 463 3705 in
489 3642 699 3709 Vasconiam
730 3645 999 3728 proficiscentes,
1030 3664 1192 3729 prospere
1216 3664 1271 3709 res
1301 3663 1380 3726 ges·

427 3751 556 3807 serunt.

463 3968 471 3999 ¹
490 3971 615 4022 ‘Gallicis
626 3966 641 4032 ;’
653 3967 722 4019 D'A.

462 4037 472 4069 ¹
489 4035 658 4102 ‘Meinims3'
682 4040 725 4089 Fr.
741 4040 800 4088 Ta:
822 4040 891 4091 ‘lra·
952 4038 963 4072 ⁸
979 4042 1100 4104 Wanting
1110 4042 1137 4090 iu
1149 4037 1217 4091 ΠΛ.

427 4114 491 4158 trum
501 4111 630 4159 Minorum
640 4111 657 4168 ς’
667 4107 714 4159 Ar.
