3180 5026
435 497 479 560 40
794 507 1031 557 monument

436 668 629 732 animarum
656 667 772 731 taliter
797 665 1011 741 ordinentur,
1035 670 1074 727 ut
1099 682 1123 726 a
1152 655 1233 726 nno
1260 661 1386 745 sempi-

437 776 544 832 ternae
571 767 736 831 mercedis
761 759 915 830 ¹cnrsum
939 763 1104 845 consequi
1130 763 1305 838 mercurie,
1333 761 1388 825 vel

436 868 474 930 in
504 866 606 931 terris
638 865 828 948 gloriosum
861 883 985 929 nomen
1017 862 1136 927 valeas
1170 855 1223 924 ²in
1259 861 1389 925 saecula

273 1082 413 1182 fflgsrugw
489 1064 570 1129 Rex
592 1066 700 1146 igitur
725 1062 901 1127 Henricus
923 1063 1016 1127 circa
1039 1061 1166 1125 festum
1184 1059 1297 1124 sancti
1319 1058 1389 1123 Mi-

274 1183 409 1272 illidii&
438 1164 579 1242 chaelis,
603 1163 753 1247 [habito]
770 1162 958 1228 Wintoniae
981 1158 1287 1244 parliamento„de
1309 1177 1389 1222 con-

273 1283 392 1370 rgueeunr
417 1264 607 1369 tquirenda
628 1263 800 1328 Hibernia
822 1280 901 1326 cum
919 1261 991 1324 suis
1013 1260 1239 1342 optimatibus
1260 1265 1389 1322 tracta-

274 1334 416 1422 bifidi?
439 1365 501 1428 vit.
554 1363 658 1442 Quod
675 1362 758 1445 quia
774 1361 877 1426 matri
893 1360 970 1444 ejus
991 1359 1202 1442 imperatrici
1225 1377 1294 1422 non
1315 1357 1389 1439 pla·

438 1463 522 1540 cuit,
545 1463 588 1526 ad
615 1472 751 1543 tempus
779 1459 872 1525 alind
897 1459 1005 1524 dilata
1036 1465 1090 1522 est
1112 1458 1174 1521 illa
1201 1456 1387 1540 expeditio.

440 1561 627 1638 Henricus,
666 1559 927 1643 Wyntoniensis
967 1559 1161 1641 episcopus,
1203 1573 1389 1638 germanus

439 1661 612 1743 qnondam
629 1660 722 1741 regis
741 1658 920 1740 Stephani,
944 1657 1122 1740 praemisso
1142 1657 1290 1719 latenter
1313 1654 1388 1719 the-

439 1779 544 1823 sauro
572 1779 635 1824 suo
668 1747 730 1840 per
758 1758 918 1821 abbatem
951 1756 1223 1830 cluniacensem,
1258 1755 1389 1835 absque

440 1859 537 1940 regia
566 1858 707 1923 licentia
729 1857 774 1920 ab
798 1855 928 1938 Anglia
953 1856 1043 1920 clam
1072 1855 1252 1931 discessit3
1284 1869 1388 1935 prop-

439 1964 493 2022 ter
510 1957 601 2040 quod
618 1977 681 2023 rex
698 1956 872 2020 Henricus
893 1954 1117 2037 pessundedit
1136 1954 1252 2017 omnia
1274 1960 1390 2016 castra

438 2057 527 2140 ejus.

466 2277 493 2314 l).
505 2278 530 2313 lt.
543 2278 562 2314 J.
573 2278 598 2315 0.
686 2279 709 2314 Ρ.
721 2278 884 2314 Romanorum
897 2278 923 2314 R.
1017 2276 1171 2313 FRANGORUM
1225 2275 1365 2311 asotorum

638 2366 789 2403 numanus.
802 2350 948 2484 'insufflet
960 2365 979 2403 1.
1013 2364 1128 2400 wnovlcl
1139 2363 1185 2400 vu.
1223 2363 1327 2398 ussatei
1338 2363 1367 2400 11.

701 2427 725 2472 2.
866 2427 890 2472 1.
902 2425 927 2472 4.
1108 2456 1115 2470 .
1283 2423 1307 2468 2.

275 2567 415 2606 croceas
491 2543 576 2606 Rex
600 2543 776 2608 Henricus
799 2545 836 2607 in
853 2543 1104 2608 Normanniam
1128 2542 1389 2621 transfretavit3

275 2616 410 2716 gnoma·
440 2641 484 2704 ad
512 2661 628 2723 quem,
648 2661 726 2706 cum
751 2652 843 2707 esset
866 2643 1091 2726 Rothomagi,
1115 2643 1211 2708 venit
1228 2642 1389 2706 Tetricus

440 2757 555 2802 comes
580 2740 753 2804 Flandriae
774 2760 852 2804 cum
874 2761 984 2806 uxore
1005 2762 1070 2806 sua
1095 2742 1187 2823 regis
1210 2741 1329 2818 amita,
1350 2748 1391 2804 ut

440 2835 550 2902 eidem
569 2836 764 2903 Galfridum
783 2839 924 2904 fratrem
946 2861 1059 2918 suum,
1079 2842 1139 2924 qui
1159 2849 1195 2905 et
1211 2848 1294 2904 tunc
1308 2841 1391 2904 illuc

440 2934 640 3014 advenerat,
657 2939 927 3003 reconciliarent.
980 2939 1047 3004 Sed
1061 2938 1221 3004 Galfrido
1235 2959 1303 3003 non
1318 2958 1391 3002 sns-

440 3035 589 3118 cipiente
607 3056 686 3119 quae
701 3038 933 3102 offerebantur
948 3059 970 3103 a
984 3058 1078 3121 rege,
1094 3039 1234 3122 negotio
1250 3038 1390 3115 infecto,

440 3134 486 3199 ab
502 3134 649 3200 invicem
663 3137 904 3202 discesserunt.

277 3257 407 3298 nunnus
493 3232 574 3298 Hoc
590 3255 682 3300 anno
703 3236 797 3302 facta
817 3237 1043 3302 inundatione
1058 3237 1205 3321 Tyberis
1229 3258 1297 3303 non
1320 3257 1393 3302 rno-

276 3309 383 3349 “Rm
441 3332 531 3411 dica,
558 3333 682 3399 Romae
702 3336 739 3400 in
760 3335 912 3418 quadam
928 3337 1042 3401 insula
1057 3337 1212 3421 ejusdem
1228 3337 1391 3414 fluminiS,

440 3432 477 3496 in
505 3434 687 3498 ecclesiola
712 3437 856 3517 antiqua
885 3437 1065 3500 inventum
1093 3437 1208 3500 estin
1241 3435 1392 3518 quodam

441 3533 659 3615 sarcophago
680 3554 807 3617 corpus
829 3535 922 3599 beati
942 3535 1191 3600 Bartholomaei
1218 3535 1393 3617 Apostoli,

442 3638 553 3694 totum
580 3640 727 3715 excepto
755 3635 849 3698 corio
879 3635 1063 3716 integrum,
1085 3635 1176 3716 quod
1202 3634 1394 3699 Beneventi

442 3729 567 3795 dicitur
594 3733 813 3809 remansisse,
839 3733 978 3816 qnando
1001 3735 1190 3817 imperator
1218 3733 1312 3798 Otho
1338 3753 1393 3797 se-

442 3829 586 3907 cundus,
609 3837 713 3914 capta
743 3833 864 3894 eadem
891 3832 1045 3909 civitate,
1078 3851 1203 3914 corpus
1238 3831 1393 3914 praedicti

478 4065 656 4129 ¹‘lructum3’
668 4065 737 4119 ΠΛ.
968 4070 1042 4122 ³See
1052 4073 1258 4136 tbesame,witb
1269 4089 1393 4124 someun·

477 4133 489 4166 ²
505 4136 548 4184 ‘in
559 4139 662 4187 saeculis
669 4139 688 4200 ;’
704 4139 765 4190 MS.
778 4141 842 4203 Reg.
856 4135 907 4190 and
930 4143 1067 4204 important
1083 4144 1170 4192 verbal
1191 4144 1347 4207 alterations,
1368 4145 1395 4193 in

441 4207 469 4254 in
480 4205 565 4268 Roget
574 4207 603 4256 ol
611 4208 763 4274 wendover,
774 4211 802 4261 ii.
815 4227 842 4273 p.
850 4215 907 4262 282.
933 4212 1031 4260 Rudulf
1039 4211 1068 4261 oi
1081 4213 1183 4277 Diceto,
1194 4215 1228 4266 X.
1241 4214 1334 4275 Script.
1346 4214 1394 4264 col.

443 4276 546 4340 Rymer,
556 4277 575 4326 i.
589 4282 629 4328 15.
933 4285 990 4333 522.
1001 4286 1042 4332 60.
1054 4287 1079 4331 et
1090 4294 1144 4344 aeq.
