3226 5020
428 511 494 575 302
791 527 862 575 ruo.
882 526 1029 573 rnrvnrr

268 697 401 737 nuum
431 682 536 758 ditur,
562 682 810 762 Rogerumque
831 681 874 744 de
898 679 1053 756 Glifford,
1068 680 1212 744 militem
1230 681 1379 744 nobilem

267 749 378 796 cherously

267 799 365 837 murder·

268 849 338 896 Roget
346 849 373 887 de

268 897 359 937 clifford.

430 789 466 846 et
485 781 669 858 famosum,
695 780 779 843 nihil
796 781 902 844 ¹clam
925 781 1169 862 suspicantem,
1192 781 1380 863 proditiose

430 882 474 945 in
492 889 608 944 castro
630 899 693 944 suo
716 880 759 944 de
786 879 980 944 Hawardin
1006 880 1191 945 Dominica
1212 882 1248 944 in
1277 881 1381 944 ramis

433 981 633 1045 Palmarum
653 980 756 1062 cepit,
779 981 1017 1062 quosdamque
1033 980 1159 1043 milites
1179 981 1255 1064 ejus
1279 980 1382 1044 resis-

431 1089 504 1145 tere
526 1079 682 1144 volentes
704 1081 851 1143 inermes
874 1080 1010 1143 occidit.
1063 1080 1199 1143 Exinde
1222 1098 1381 1144 reversus

431 1180 475 1244 ad
492 1180 692 1263 principem,
715 1180 860 1243 collecto
876 1180 1044 1255 exercitu,
1062 1200 1224 1243 unacum
1251 1199 1292 1244 e0
1309 1180 1382 1243 Ro-

432 1280 594 1345 dolanum
621 1280 728 1355 verrit,
751 1279 1031 1361 obsidionemque
1052 1281 1170 1361 posuit
1192 1281 1285 1343 circa
1306 1298 1382 1343 cas·

433 1388 535 1444 trum.
599 1380 679 1444 Rex
708 1377 913 1443 Paschalem
942 1378 1195 1442 solemnitatem
1225 1399 1267 1442 co
1297 1387 1382 1442 tem-

433 1495 522 1562 pore¹
536 1479 572 1543 in
593 1480 734 1544 dioecesi
759 1478 1011 1543 Saresberiensi
1035 1479 1147 1543 tenuit
1170 1479 1262 1561 apud
1286 1478 1382 1542 Diri-

433 1599 512 1658 sas;
535 1579 595 1642 ubi
610 1599 714 1661 super
729 1579 793 1642 hac
808 1573 1054 1642 ²commotione
1069 1579 1263 1642 rumoribus
1287 1579 1384 1642 audi-

434 1681 480 1743 tis
491 1680 599 1763 jussit
622 1678 826 1761 congregari
848 1679 1055 1760 quantocius
1072 1680 1276 1755 exercitum,
1295 1679 1381 1741 mili·

435 1781 519 1843 tiam
537 1797 641 1861 quam
657 1786 741 1842 tunc
761 1779 796 1840 in
819 1786 979 1861 promptu
1004 1777 1154 1842 habebat
1176 1797 1286 1862 usque
1312 1779 1382 1842 Ro-

436 1878 598 1942 dolanum
617 1879 843 1961 praemittens.

488 1978 570 2061 Ipse
598 1997 681 2042 vero
706 1977 795 2042 clam
821 1978 1104 2043 Ambresburiam
1127 1979 1224 2054 adiit,
1250 1985 1289 2042 ut
1313 1995 1385 2040 ma-

437 2085 522 2141 trem
551 2097 649 2141 suam
677 2078 858 2156 salutaret,
891 2098 968 2160 quae
995 2085 1078 2142 tunc
1107 2079 1143 2141 in
1165 2077 1226 2142 illo
1249 2095 1385 2141 monas-

436 2179 524 2242 terio
539 2178 746 2243 morabatur.
800 2177 958 2259 Contigit
975 2185 1091 2242 autem
1106 2179 1187 2241 dum
1207 2177 1255 2240 ibi
1282 2184 1385 2253 esset,

437 2289 477 2342 ut
507 2277 646 2361 quidam
672 2279 714 2342 ad
744 2279 864 2342 matris
893 2277 968 2361 ejus
994 2279 1213 2360 praesentiam
1241 2276 1386 2341 adduce

438 2387 544 2454 retur,
560 2379 620 2460 qui
645 2399 707 2461 per
729 2387 865 2461 tempus
880 2374 1038 2460 ⁸aliquod
1062 2397 1100 2442 se
1123 2397 1253 2441 caecum
1275 2377 1384 2440 finxe-

438 2486 505 2555 rat,
536 2479 717 2560 visumque
750 2479 815 2541 sibi
847 2477 891 2541 ad
922 2477 1069 2542 Henrici
1096 2476 1270 2560 quondam
1294 2477 1386 2558 regis

440 2579 608 2642 tumulum
642 2579 850 2642 restitutum.
913 2577 1071 2641 Noverat
1101 2577 1192 2641 hunc
1225 2596 1288 2640 rex
1321 2576 1387 2640 Ed-

439 2679 590 2754 warduS,
612 2679 654 2741 ab
675 2678 819 2760 antiquo
835 2677 976 2741 malitiis
994 2677 1175 2752 famosum,
1195 2675 1389 2740 fraudibus-

440 2797 507 2860 que
523 2778 567 2841 ab
585 2777 666 2841 olim
682 2786 717 2841 et
734 2776 921 2841 mendaciis
937 2785 1125 2841 assuetum.
1178 2775 1288 2840 Matri
1306 2795 1386 2840 vero

441 2877 696 2941 narrationibus
711 2877 787 2960 ejus
809 2878 992 2959 plurimum
1016 2876 1239 2960 applaudenti
1255 2895 1298 2938 no
1313 2895 1386 2940 ore-

440 2976 537 3039 deret
562 2974 747 3056 dissuasit;
772 2995 850 3058 quae
878 2977 914 3039 in
939 2978 1025 3039 iram
1049 2996 1150 3042 versa
1176 2976 1283 3039 filium
1307 2995 1387 3056 gra-

440 3075 580 3138 vissime
605 3076 793 3158 redarguit,
820 3095 1058 3158 cameramque
1089 3096 1188 3140 suam
1219 3095 1388 3138 evacuare

441 3175 614 3258 praecepit.
667 3175 734 3240 Cui
745 3175 853 3259 jussis
870 3177 1034 3239 maternis
1049 3175 1222 3239 humiliter
1244 3176 1389 3258 parenti,

441 3275 521 3338 dum
544 3276 766 3357 egrederetur
785 3275 934 3339 occurrit
957 3277 1052 3357 prior
1074 3276 1296 3357 provincialis
1319 3274 1389 3338 sra-

442 3383 531 3438 trum
564 3375 847 3451 Praedicatorum‚
873 3373 982 3438 irater
1012 3375 1121 3456 Hugo
1148 3374 1189 3438 de
1217 3375 1388 3438 Mamces-

442 3475 521 3552 tria,
534 3476 588 3539 vir
604 3494 740 3557 magnae
758 3474 988 3550 discretioniS,
1001 3493 1042 3538 ac
1059 3476 1225 3557 magister
1243 3475 1278 3538 in
1293 3475 1388 3538 theo-

442 3573 545 3656 logia,
574 3575 633 3657 qui
663 3582 698 3639 et
728 3575 795 3656 ipsi
823 3575 895 3655 regi
921 3573 1137 3639 familiariter
1161 3583 1265 3638 notus
1291 3581 1387 3653 erat3

442 3691 543 3756 quem
570 3693 634 3739 rex
658 3674 702 3738 ad
732 3682 865 3756 partem
895 3673 1048 3752 trahens,
1072 3674 1238 3739 offensam
1269 3675 1389 3737 matris

442 3773 624 3856 omniaque
653 3793 730 3857 quae
761 3767 996 3855 4contigerant
1026 3794 1087 3856 per
1117 3774 1268 3838 ordinem
1292 3792 1390 3837 enar-

441 3892 532 3949 rem,
557 3874 706 3938 finaliter
734 3873 798 3937 hoc
824 3872 973 3956 adjecit:
1002 3873 1122 3955 tngo:
1145 3874 1271 3955 inquit,
1288 3873 1388 3957 ‘jus-

441 3974 554 4037 titiam
578 3974 687 4056 patris
705 3974 773 4036 mei
792 3979 928 4036 tantum
954 3975 1048 4050 novi,
1072 3974 1163 4055 quod
1182 3974 1297 4055 potius
1312 3972 1391 4035 huic

478 4244 485 4276 ¹
504 4246 593 4294 ‘talem
603 4241 617 4306 ;'
630 4247 667 4294 M.
678 4249 702 4294 et
710 4243 757 4294 Ar.
769 4250 827 4296 220.
961 4243 972 4278 ⁸
988 4247 1107 4308 ‘aliquod
1115 4261 1142 4295 se
1150 4250 1230 4295 totum
1239 4245 1256 4307 ς’
1266 4247 1305 4296 Μ.
1313 4246 1390 4297 etAr.

476 4313 487 4344 ²
505 4316 718 4365 ‘convocationem
729 4315 746 4374 ;’
754 4317 793 4364 M.
961 4315 971 4344 ⁴
987 4318 1027 4366 ‘ei
1033 4313 1049 4378 ;’
1061 4317 1145 4366 added
1156 4318 1183 4364 in
1196 4317 1234 4366 M.
1246 4317 1296 4365 and
1307 4316 1356 4366 Ar.
