3170 5020
587 461 767 513 suranus.
1089 447 1155 512 353

197 629 270 687 tum
289 622 400 687 tenuit
415 614 612 688 ¹reunitnm.
666 621 763 686 Obiit
782 619 951 686 Nicolaus
967 622 1009 687 de
1026 621 1150 705 Longa

197 722 330 805 Spatha
359 723 628 787 Saresberiensis
651 722 844 805 episcopus.
897 723 1074 788 Successit
1097 724 1146 786 ei·

196 821 271 886 dem
298 822 416 888 Simon
446 822 489 886 de
516 821 700 900 Gandavo,
728 821 782 885 vir
807 841 944 905 magnae
967 822 1147 905 sapientiae

196 929 232 986 et
263 923 401 986 eximiae
435 922 642 987 sanctitatis.
695 919 890 986 Cardinalis
925 921 1147 1001 Albanensis,

197 1021 262 1086 hoc
281 1041 374 1088 anno
393 1041 553 1086 reversus
575 1022 610 1086 in
628 1020 806 1102 Angliam,
823 1041 940 1103 regem
962 1022 1055 1105 apud
1078 1023 1146 1087 Be·

197 1122 357 1186 rewicum
384 1121 482 1199 adiit,
511 1141 714 1204 responsum
744 1122 921 1203 requirens
944 1121 986 1184 de
1011 1129 1146 1204 treuga,

197 1217 275 1305 quae
297 1240 461 1286 concessa
492 1241 560 1285 non
582 1221 696 1286 fuerat
721 1228 863 1303 propter
884 1220 1147 1286 confoederatio·

198 1341 274 1386 nem
304 1321 380 1405 ejus
411 1341 488 1386 cum
519 1341 600 1403 rege
632 1321 890 1385 Romanorum:
929 1339 1045 1403 aquo
1072 1322 1147 1403 regi

197 1441 397 1504 responsum
430 1421 504 1497 fuit,
536 1427 571 1485 et
603 1440 665 1503 per
694 1439 810 1502 regem
841 1420 1021 1497 cardinali,
1053 1422 1145 1503 quod

196 1521 332 1603 ipsein
364 1528 521 1602 treugam
550 1518 660 1585 noluit
689 1519 880 1598 assentire3
920 1539 1146 1604 reversusque

197 1628 251 1685 est
278 1621 463 1685 cardinalis
488 1621 524 1684 in
546 1618 694 1698 Gallias,
717 1619 908 1684 intentione
931 1639 996 1684 sua
1023 1620 1059 1684 in
1081 1620 1146 1685 hac

197 1729 296 1803 parte
310 1713 522 1785 frustratus.²

231 1934 255 1969 o.
268 1933 359 1970 rouo.
445 1933 468 1970 r.
481 1933 645 1970 uouiuoauu
658 1933 684 1972 u.
776 1935 931 1972 rnnucoruu
982 1937 1122 1974 Auoronuu

227 2020 357 2058 uooxcvn.
399 2020 526 2056 uonrrnou
537 2002 611 2135 ναι,
629 2021 722 2057 nouum
980 2025 1100 2062 musam
1111 2026 1130 2063 1.

484 2080 510 2126 a.
664 2083 689 2127 ⁵.
835 2083 876 2129 12.
1036 2086 1078 2132 2⁵.
1173 2085 1176 2094 ’

248 2220 471 2294 Emsnnnnn,
504 2218 575 2282 filia
604 2219 696 2300 regis
722 2217 874 2301 Angliae,
907 2227 987 2303 post
1007 2221 1143 2286 'festum
1160 2248 1276 2295 natata,

199 2318 404 2401 Epiphaniae
436 2318 605 2381 connubio
634 2317 795 2401 jungitur
826 2318 849 2383 J
853 2320 970 2396 oanni,
1009 2321 1143 2386 comitis
1158 2297 1272 2395 iiiiii?

1158 2399 1246 2436 marries
1256 2398 1293 2437 the

199 2417 385 2484 Holandiae
408 2417 479 2481 filio
503 2423 539 2482 et
563 2416 698 2494 heredi;
736 2438 836 2501 quem
865 2438 927 2500 pro
951 2419 1145 2486 hereditate
1159 2449 1260 2514 cernor,

198 2519 308 2604 patris
330 2537 440 2600 nuper
465 2517 569 2581 occisi
592 2519 806 2600 assequenda
830 2537 899 2582 una
924 2538 1000 2583 cum
1024 2540 1145 2599 uxore,
1158 2498 1308 2588 ii‘iii'idisn.

198 2619 410 2682 conducente
441 2635 500 2681 eos
532 2616 687 2681 Umfrido
714 2617 757 2682 de
789 2618 903 2695 Boun,
930 2619 1145 2686 Heresordiae

199 2727 234 2783 et
258 2718 414 2782 Essexiee
435 2717 573 2794 comite,
597 2717 728 2781 remisit
751 2737 814 2781 rex
834 2716 975 2800 Angliae
998 2721 1041 2785 ad
1066 2740 1144 2803 pro·

198 2819 274 2901 pria
308 2837 385 2881 cum
417 2817 557 2882 honore.
636 2815 679 2879 Iu
710 2817 938 2900 parliamento
973 2819 1284 2892 Londoui-rneenm

199 2919 274 2982 ensi
301 2925 381 3001 post
403 2917 529 3007 festum
558 2916 593 2980 S.
617 2916 757 2994 Hilarii,
786 2918 877 2982 clero
903 2919 938 2981 in
967 2893 1286 3003 denegati-&siff

198 3039 263 3082 one
297 3017 440 3082 subsidii
463 3016 680 3098 persistente,
709 3036 773 3082 rex
795 3018 909 3100 ipsum
937 3038 960 3083 a
980 3039 1045 3084 sua
1066 3041 1147 3104 pro·

199 3118 348 3182 tectione
385 3116 553 3195 exclusit3
597 3137 660 3200 pro
691 3136 761 3198 qua
795 3126 910 3180 tamen
949 3120 1148 3185 redimenda

199 3217 299 3280 multi
331 3236 393 3299 per
415 3235 464 3293 se,
494 3216 595 3281 multi
627 3235 709 3280 vero
737 3235 799 3298 per
826 3217 1043 3295 mediatores
1073 3220 1147 3302 regi

199 3318 366 3380 bonorum
392 3335 531 3379 suorum
559 3316 726 3381 dederunt
748 3325 870 3399 postea
892 3316 1048 3399 quintam
1070 3339 1147 3401 par-

200 3425 281 3480 tem.
343 3416 423 3480 Rex
454 3415 747 3499 archiepiscopum
778 3417 815 3480 in
842 3416 907 3481 hac
938 3426 1036 3500 parte
1062 3419 1145 3502 rigi-

200 3517 329 3581 diorem
360 3515 585 3598 comperiens
615 3522 725 3579 terras
756 3517 831 3601 ejus
859 3536 978 3582 omnes
1001 3519 1148 3597 seisivit,

201 3623 236 3681 et
263 3615 424 3680 debonis
450 3615 602 3699 ejusdem
630 3614 746 3679 debita
771 3616 806 3678 in
835 3616 957 3680 rotulis
982 3619 1147 3683 scaccarii

201 3717 343 3780 inventa
364 3716 529 3798 praecepit
558 3735 633 3779 cum
667 3714 844 3779 celeritate
868 3717 987 3780 levari.
1046 3719 1149 3782 Feria

200 3824 327 3899 quarta
346 3824 427 3881 ante
448 3814 741 3891 Purificationem,
763 3834 877 3879 comes
898 3815 1149 3882 lincolniensis

238 4039 244 4070 ¹
264 4041 377 4092 Omitted
389 4041 415 4091 in
427 4035 496 4090 ΠΛ.
633 4043 635 4047 ’
687 4041 846 4090 commeneed
867 4041 902 4103 by
922 4046 974 4090 two
992 4041 1108 4094 studente
1124 4047 1151 4092 at

688 4109 797 4170 orioro,
808 4111 923 4173 together
932 4111 995 4162 with
1012 4110 1052 4161 his
1063 4127 1151 4162 aecus·

237 4179 334 4230 'Here
352 4180 537 4242 Welsingham,
553 4183 595 4239 69,
617 4179 664 4228 has
688 4181 771 4229 tomed
781 4181 1156 4244 meteorologicelsummaryof

181 4274 185 4282 ·
201 4266 233 4301 an
244 4249 420 4312 interpolation
437 4250 579 4313 respecting
591 4263 607 4298 e
617 4250 676 4304 riot¹
690 4250 732 4299 the
744 4265 814 4311 year.

940 4344 1002 4390 ΔΑ
