3252 5026
633 513 818 566 ansanus.
1142 503 1206 567 151

250 671 469 753 imperatore,
487 670 542 733 cui
563 690 624 752 per
642 670 763 734 ducem
780 667 934 734 Austriee
952 670 1105 734 redditus
1120 682 1203 749 erat,

250 769 397 834 detineri
429 770 616 851 captivum,
645 776 894 852 suggesserunt
924 769 957 832 ei
988 776 1028 834 ut
1058 769 1203 834 liberum
1251 768 1258 781 '

250 870 427 933 dimissum
454 870 582 934 sineret
612 869 655 932 ad
687 869 827 952 propria
851 863 1025 932 remeare.¹
1079 868 1203 953 Neque

251 969 340 1032 enim
368 970 491 1032 merita
516 968 592 1052 ejus
617 970 667 1032 sio
689 969 983 1050 recompensanda
1007 976 1118 1045 erant,
1142 972 1202 1051 qui

250 1088 314 1151 pro
344 1069 451 1133 totius
481 1053 754 1133 Christianitatis
784 1069 924 1150 negotio
956 1075 1010 1132 tot
1041 1068 1202 1151 periculis

251 1168 432 1250 expositus
461 1167 588 1245 fuerat,
625 1175 661 1232 et
693 1169 869 1232 laboribus
906 1168 1013 1232 tantis
1050 1169 1201 1234 attritus.

252 1265 447 1350 Imperator
473 1286 556 1332 vero
583 1268 620 1330 in
647 1269 701 1332 sui
727 1267 985 1332 excusationem
1011 1267 1148 1332 dicebat
1166 1288 1203 1331 se

252 1366 296 1429 ab
326 1386 368 1430 eo
399 1367 538 1447 exigere
573 1368 768 1449 pecuniam,
803 1360 903 1450 ²quia
939 1374 1067 1430 terram
1104 1386 1201 1430 suam

251 1465 405 1530 Siciliam
422 1465 569 1530 asseruit
586 1486 663 1530 enm
680 1465 871 1548 spoliasse3
896 1473 1019 1530 contra
1033 1466 1126 1549 quod
1141 1487 1203 1530 rex

254 1565 427 1629 Ricardus
445 1585 482 1629 se
499 1564 584 1628 nihil
606 1565 673 1629 nisi
695 1566 810 1630 dotem
832 1566 960 1629 sororis
982 1585 1055 1630 suae
1080 1584 1102 1629 a
1123 1586 1204 1648 rege

252 1663 431 1728 Tancredo
459 1664 579 1730 retulit
602 1665 772 1747 exegisse.
824 1665 918 1729 Dum
939 1665 1015 1729 haec
1041 1667 1203 1746 ag'untnr,

253 1771 375 1829 taxato
398 1764 441 1827 ab
465 1765 672 1847 imperatore
692 1763 936 1848 redemptionis
960 1765 1071 1848 pietio
1095 1784 1205 1849 usque

252 1864 296 1927 ad
335 1864 484 1928 ducenta
519 1865 627 1928 millia
658 1882 864 1942 marcarum,
895 1861 1062 1929 Alienora
1095 1875 1206 1929 mater

251 1964 343 2044 regis
373 1965 572 2046 procuravit
600 1965 636 2027 in
666 1966 759 2028 omni
789 1971 894 2047 gente
929 1984 994 2028 sua
1026 1964 1205 2029 collectam

253 2063 327 2126 fieri
357 2063 560 2145 plurimam;
596 2065 838 2147 variarumque
867 2064 1125 2129 distractionem
1154 2084 1206 2128 re-

252 2181 326 2225 rum
344 2155 435 2239 ³rex,
459 2169 498 2227 ut
520 2163 565 2227 ad
588 2170 746 2227 taxatam
768 2183 937 2228 summam
961 2163 1206 2246 redemptionis

251 2281 375 2326 census
398 2270 624 2327 excresceret.
676 2259 946 2345 Accipiebautur
968 2263 1072 2328 etiam
1090 2263 1134 2326 ab
1151 2283 1206 2327 ec-

253 2360 367 2425 clesiis
380 2362 518 2438 calices,
533 2351 619 2426 vasa
644 2381 782 2445 qnoque
803 2380 909 2426 aurea
932 2370 968 2426 et
984 2353 1149 2443 argentea
1170 2363 1205 2425 in

253 2479 338 2526 usus
361 2462 614 2526 ecclesiasticos
637 2468 860 2538 consecrata;
890 2481 954 2526 nec
970 2469 1045 2525 erat
1063 2461 1128 2525 hoo
1152 2482 1206 2525 se·

254 2561 402 2624 cundum
422 2560 571 2625 Petrum
593 2562 733 2625 decreta
755 2561 925 2638 illicitum,
941 2580 1020 2624 cum
1035 2562 1207 2642 urgentis-

252 2660 359 2724 simus
373 2660 522 2725 instaret
540 2662 757 2726 necessitatis
775 2661 955 2726 articulus.

511 2909 533 2944 r.
549 2907 750 2945 nonanoeane.
835 2900 1008 2962 lucernorum
1049 2906 1188 2942 rhenonum

284 2993 388 3032 ucxcw.
431 2993 565 3029 cucusum
577 2994 616 3030 111.
659 2976 1009 3108 uenn1crv1.¹rn1urmn.
1050 2995 1154 3031 moneor
1165 2995 1184 3032 1.

514 3054 537 3100 ³.
707 3054 768 3099 1.4.
912 3054 952 3099 13.
1106 3056 1131 3101 5.

302 3217 499 3281 RroAnuus
516 3235 578 3280 rex
596 3222 721 3299 quarto
739 3234 849 3279 nonas
867 3214 1047 3278 Februarii
1062 3217 1209 3298 pecrmia
1222 3233 1355 3283 neuneu

252 3316 495 3399 redemptionis
520 3315 636 3380 soluta
657 3315 836 3391 liberatus,
858 3334 880 3377 a
896 3313 1081 3396 Maguntia
1098 3325 1209 3379 teten-
1221 3284 1339 3374 iiiiii·

254 3416 306 3481 dit
318 3416 354 3478 in
372 3415 566 3492 Coloniam,
589 3416 633 3478 ah
656 3414 915 3496 archiepiscopo
937 3414 1090 3478 civitatis
1116 3414 1210 3478 illius

252 3515 502 3580 instantissime
524 3514 709 3593 invitatus3
738 3533 760 3577 a
784 3533 853 3597 quo
874 3513 909 3575 in
927 3513 1073 3576 ecclesia
1095 3514 1209 3578 cathe-

253 3615 342 3678 drali
359 3621 519 3697 receptus
535 3614 677 3678 missam
695 3613 840 3689 audivit,
856 3613 932 3695 ipso
949 3612 1209 3695 archiepiscopo

254 3714 405 3778 cantoris
440 3712 587 3778 officium
626 3713 821 3795 supplente,
859 3720 896 3776 et
929 3710 1076 3775 officium
1111 3712 1210 3790 illud,

253 3814 379 3878 ‘Nunc
401 3814 473 3877 scio
492 3806 613 3889 ⁴vere,'
640 3812 820 3876 celebriter
845 3811 1039 3875 inchoante.
1076 3812 1209 3875 Deinde

289 4031 296 4062 ¹
314 4036 362 4084 See
371 4036 449 4086 Peter
460 4036 489 4086 of
498 4036 579 4096 Blois,
587 4037 666 4085 about
675 4036 718 4084 the
744 4049 816 4095 enee,
826 4035 935 4083 whither
953 4035 1065 4084 Richard
1082 4049 1137 4084 was
1154 4039 1212 4084 sent

252 4105 446 4166 queen-mother
457 4101 588 4155 Eleanor's
603 4107 718 4155 interest·
744 4107 778 4168 by
790 4104 832 4153 the
843 4119 966 4166 emperor.

252 4176 296 4236 ing
310 4175 408 4224 herself
421 4176 462 4225 for
479 4176 520 4224 his
534 4176 631 4225 release
640 4191 648 4236 ;
669 4176 718 4236 Ep.
779 4171 790 4200 ²
806 4172 899 4236 ‘qua3'
914 4175 974 4224 cod.
989 4175 1053 4236 Reg.

255 4248 448 4307 144,145,146.
477 4245 540 4294 Aleo
551 4245 592 4295 hie
604 4246 653 4306 Ep.
663 4249 719 4307 130,
735 4259 737 4262 ·
779 4241 790 4272 ³
806 4239 881 4292 ‘rex’
893 4244 915 4292 is
927 4245 1041 4306 wanting
1052 4245 1077 4291 in
1090 4239 1158 4291 D'A.

252 4319 277 4361 to
299 4315 452 4377 archbishop
473 4316 575 4364 Conrad
595 4315 624 4364 of
645 4315 718 4375 May·
779 4310 867 4362 ‘Coa
882 4314 945 4375 lieg.
959 4307 1116 4375 has‘certe,'
1129 4311 1214 4361 which
