3252 5026
438 473 503 538 146
795 487 868 534 ruo.
892 486 1039 534 rmvrrl

439 665 558 730 pugna
581 645 799 727 gravissima,
826 662 861 709 a¹
875 663 975 708 mane
1000 643 1183 708 commissa
1209 663 1319 727 usque
1345 646 1390 709 ad

438 764 630 828 vesperam.
683 744 845 809 Miranda
861 743 999 827 quidem
1014 744 1136 819 relatu,
1162 751 1196 807 et
1212 744 1302 808 forte
1323 745 1390 809 fide

439 847 669 910 censebuntur
685 845 840 926 indigna,
864 850 934 908 tam
957 843 1061 925 longe
1084 837 1223 926 ¹impari
1246 863 1389 908 numero

437 944 640 1027 perdurasse
657 945 869 1022 certamina3
894 943 954 1006 sed
967 962 1089 1008 revera
1106 943 1177 1007 Del
1193 943 1389 1009 miserantis

436 1045 664 1127 opitulatione
679 1063 748 1108 non
766 1042 1008 1125 ambigendum
1024 1042 1091 1106 hoc
1106 1061 1183 1107 esse
1199 1051 1388 1125 patratum,

437 1164 515 1208 cum
546 1145 582 1207 in
618 1143 680 1208 illa
715 1142 770 1207 die
802 1143 941 1207 funesta
971 1149 1166 1206 nostrorum
1198 1144 1390 1207 corruerint

438 1263 527 1307 unus
556 1243 611 1307 vel
630 1242 709 1306 ‘duo
735 1250 883 1320 tantum,
912 1241 1104 1306 Turcorum
1133 1260 1215 1307 vero
1239 1243 1389 1324 amplius

438 1361 541 1425 quam
559 1343 781 1426 septingenti.

277 1459 387 1549 pppffl
489 1442 599 1506 Porro
621 1463 665 1506 ex
685 1443 779 1507 illius
802 1441 913 1524 praelii
929 1441 1147 1522 fatigatione,
1167 1441 1390 1505 cadaverum-

277 1560 358 1599 unm.
439 1562 506 1623 que
539 1542 675 1620 foetore,
706 1542 797 1605 unde
833 1542 930 1605 locus
967 1548 1149 1623 corruptus
1182 1548 1235 1604 est
1264 1541 1315 1605 ita
1349 1549 1388 1605 ut

439 1640 578 1723 plurimi
602 1641 817 1716 morirentur,
833 1639 1006 1704 Ricardus
1031 1659 1094 1703 rex
1114 1639 1235 1703 incidit
1254 1640 1290 1701 in
1312 1640 1387 1705 lan·

438 1734 608 1821 guorem.²
671 1740 912 1806 Invalescente
949 1745 1064 1802 autem
1103 1739 1307 1820 aegritudine
1339 1741 1388 1803 ni·

438 1840 556 1916 mium,
577 1859 642 1904 rex
664 1838 707 1903 de
732 1838 967 1921 recuperanda
994 1839 1143 1901 sanitate
1171 1832 1388 1918 ³desperatus

438 1945 500 2002 est.
548 1939 650 2002 Unde
665 1945 738 2002 tam
761 1957 823 2021 pro
841 1938 917 2001 aliis
938 1955 1041 2019 quam
1066 1955 1129 2020 pro
1152 1936 1266 2018 seipso
1286 1938 1388 2002 nimis

438 2037 576 2116 anxius,
605 2037 729 2102 maluit
755 2037 867 2101 minus
900 2037 1146 2100 inconveniens
1179 2035 1318 2118 eligere,
1348 2046 1389 2102 ut

437 2137 594 2201 inducias
625 2138 793 2219 exigeret,
821 2156 925 2220 quam
958 2137 987 2199 si
1016 2135 1145 2200 inlecto
1168 2137 1308 2217 negotio
1335 2157 1386 2202 re·

437 2237 562 2302 cedens
586 2245 712 2301 terram
739 2235 1016 2320 depopulandam
1039 2235 1178 2299 omnino
1204 2235 1387 2315 desereret,

437 2337 527 2401 sicut
549 2343 585 2401 et
608 2355 726 2401 omnes
752 2336 812 2400 alii
836 2337 1001 2413 fecerant,
1021 2335 1097 2418 jam
1125 2339 1327 2400 catervatim
1352 2338 1389 2401 in

276 2437 586 2502 utanerursnavibus
617 2439 793 2501 abeuntes.
846 2436 1005 2500 Obtinuit
1033 2435 1152 2517 itaque
1175 2453 1196 2498 a
1223 2434 1387 2501 Saladino

277 2505 418 2595 hhhh'sth
436 2535 593 2601 inducias
617 2538 681 2601 sub
709 2536 773 2600 hac
799 2535 930 2599 forma:
960 2534 1128 2612 videlicet,
1156 2541 1196 2597 ut
1220 2532 1387 2614 Ascalon,

438 2654 517 2717 quae
537 2643 714 2718 superstes
735 2634 898 2699 Saladino
926 2635 1049 2697 terrori
1070 2639 1157 2710 erat,
1184 2633 1388 2712 dirueretur,

438 2753 460 2798 a
476 2735 572 2798 nullo
589 2734 766 2799 hominum
783 2733 975 2814 reparanda
992 2738 1072 2796 ante
1085 2732 1268 2796 terminum
1284 2734 1387 2798 trium

437 2852 605 2897 annorum
643 2832 687 2896 ad
727 2830 865 2895 Pascha
899 2831 1096 2914 proximum
1131 2829 1388 2913 incipientium

438 2939 518 3015 post
545 2932 730 2996 triennium
760 2931 917 3012 quisquis
945 2923 1132 3012 4superiori
1165 2931 1299 3012 vigeret
1329 2952 1389 3014 po-

412 3031 560 3108 tentia,
585 3029 794 3094 Ascalonem
813 3035 1009 3112 occuparet.
1063 3028 1245 3093 Concessit
1272 3039 1387 3095 autem

438 3129 623 3196 Saladinus
655 3137 696 3193 ut
726 3128 750 3194 J
753 3148 843 3211 oppe
874 3135 1140 3207 restauraretur,
1174 3128 1390 3196 Christicolis

438 3229 545 3294 libere
573 3238 609 3295 et
638 3229 755 3312 quiete
783 3227 1020 3305 inhabitanda,
1048 3247 1126 3293 cum
1147 3229 1310 3294 universa
1338 3251 1391 3294 re·

438 3330 541 3411 gione
573 3330 700 3406 vicina,
734 3323 916 3411 ⁶locisquo,
950 3329 1112 3391 maneriis
1142 3335 1177 3392 et
1206 3331 1388 3394 montanis.

440 3428 718 3493 Confirmandam
745 3427 849 3492 etiam
873 3428 991 3492 sanxit
1010 3434 1046 3491 et
1070 3427 1304 3493 inviolandam
1326 3449 1389 3512 pa·

439 3546 514 3592 cem
536 3529 627 3593 inter
652 3527 877 3592 Christicolas
902 3534 938 3591 et
965 3526 1166 3603 Saracenos,
1186 3527 1390 3610 salvumque

439 3634 663 3711 utrorumque
680 3647 743 3709 per
757 3627 872 3691 omnia
894 3645 970 3690 esse
987 3632 1150 3703 meatum,
1173 3632 1208 3690 et
1222 3627 1266 3690 ad
1289 3647 1389 3692 sanc-

475 3852 483 3882 ¹
502 3847 633 3914 ‘impari5’
645 3851 903 3914 wantinginM.and
962 3849 972 3880 ³
989 3851 1124 3912 ‘desperat
1133 3847 1151 3910 ;'
1169 3851 1226 3900 M.:
1250 3851 1391 3914 ‘desperat
1445 3891 1451 3902 .

439 3920 486 3970 Ar.
929 3920 1012 3971 Quem
1024 3935 1082 3970 cum
1092 3915 1106 3980 ;’
1117 3918 1165 3969 Ar.

474 3988 485 4018 ¹
501 3990 631 4041 ‘Quidam
642 3992 744 4040 morbus
755 3990 861 4053 pestifer
871 4005 903 4038 ex

439 4060 506 4107 aeris
533 4061 692 4121 corruptione
727 4061 877 4120 proveniens
887 4059 904 4118 ;'
963 4054 1142 4119 ⁴‘superior3‘
1155 4060 1194 4110 M.

440 4129 525 4189 Roger
543 4128 573 4177 ol
590 4128 742 4188 Wendover,
759 4130 796 4178 iii.
815 4145 841 4190 p.
860 4132 901 4177 64.

438 4197 565 4259 ‘Typhus
586 4203 641 4247 erat
661 4199 795 4248 continuus
803 4194 818 4258 ς’
845 4199 901 4250 Rio.
963 4195 974 4224 ³
990 4198 1121 4259 ‘locisque
1132 4197 1264 4250 maritimis
1280 4203 1306 4248 et
1322 4214 1392 4248 mon-

441 4268 525 4317 Diris.
536 4283 563 4329 p.
574 4271 617 4316 69.
927 4267 994 4316 tanis
1002 4268 1018 4328 ς’
1029 4268 1068 4317 Μ.
1079 4272 1104 4316 et
1114 4266 1161 4317 Ar.
