3226 5020
592 528 773 577 aurnuns
1092 514 1155 578 251

205 686 392 752 introducti
415 685 583 750 fuerant
575 707 609 750 m
635 684 813 768 Angliam
837 703 924 769 quos
947 685 1197 792 alienigenasn
1198 701 1314 742 ιιιιιιιιιι

206 787 440 870 appellabant.
492 785 643 866 Quidam
674 788 777 850 ctiam
798 785 841 849 de
868 792 966 868 parte
991 787 1159 849 baronum
1171 753 1321 904 Quid?

209 887 499 951 Herefordensem
520 887 719 968 episcopum
741 885 896 962 Petrum,
913 886 1053 950 natione
1070 855 1223 949 Bur-king

208 987 398 1070 gundum,
387 1007 424 1050 m
440 986 585 1052 ecclesia
603 1005 668 1049 sua
690 985 880 1050 cathedrali
902 993 1053 1068 captum,
1069 986 1159 1050 dux·

207 1095 308 1151 erunt
331 1086 375 1152 ad
400 1094 553 1150 castrum
570 1085 612 1150 de
630 1085 831 1168 Erdesleya,
855 1085 1056 1150 thesaurum
1082 1085 1177 1169 ejus·

207 1188 297 1251 inter
333 1205 371 1250 se
421 1186 577 1269 pariliter
621 1185 825 1250 dividentes.
901 1185 1034 1250 Deinde
1073 1186 1160 1250 duce

208 1287 332 1352 comite
363 1286 514 1370 Symoue
552 1285 771 1368 progreditur
808 1286 981 1350 exercitus
1011 1283 1161 1350 Glover-

209 1388 312 1462 niam,
344 1386 449 1469 ¹cujus
488 1387 593 1450 castri
630 1385 789 1451 custodia
825 1385 1023 1450 fidelissimo
1060 1385 1161 1450 militi

210 1485 372 1552 Matthiae
405 1486 447 1553 de
480 1479 645 1550 ¹Besilles
684 1485 798 1550 suerat
826 1505 888 1566 per
921 1503 1035 1566 regem
1068 1504 1161 1548 com·

209 1587 326 1650 missa
399 1585 581 1668 Occupata
626 1592 742 1650 autem
784 1584 880 1661 villu,
927 1604 1005 1649 cum
1044 1591 1160 1649 castro

209 1685 330 1752 dantes
351 1685 516 1750 insultum
542 1686 688 1750 barones
713 1690 849 1768 portam
873 1685 1017 1766 primam
1039 1703 1161 1748 versus

209 1787 327 1851 urbem
359 1785 621 1867 confregissent,
663 1785 846 1862 Matthias,
873 1791 913 1849 ut
947 1785 1015 1848 sibi
1046 1793 1162 1848 essent

210 1885 353 1962 auxilio,
379 1885 610 1952 incarceratos
646 1885 828 1953 dissolvit:
866 1903 1011 1966 quornm
1043 1884 1160 1966 prodi·

209 1985 302 2052 tione
317 2004 395 2051 cum
412 2005 456 2049 ex
473 1986 583 2050 altera
605 1993 705 2069 parte
724 1985 829 2050 castri
851 1983 1045 2067 patefactus
1069 1992 1161 2049 esset

209 2087 397 2168 ingressus,
416 2086 585 2150 Matthias
599 2086 633 2148 in
652 2085 771 2150 turrim
790 2084 963 2166 confugit3
987 2085 1023 2148 in
1038 2077 1159 2166 ²quam

209 2187 427 2268 insequentes
454 2205 532 2250 eum
560 2185 688 2250 milites
718 2185 879 2267 Symonis
908 2183 1058 2249 effractis
1079 2183 1160 2248 fori-

211 2287 276 2351 bus
319 2286 487 2352 violeuter
531 2286 738 2368 irrumpunt,
782 2283 1037 2366 Matthiamque
1078 2283 1160 2347 licet

210 2392 472 2469 repugnantem,
499 2405 562 2476 nec
586 2392 680 2450 metu
708 2385 829 2448 mortis
858 2403 896 2448 se
927 2383 1068 2448 reddere
1099 2403 1160 2448 vo·

210 2486 349 2563 lentem,
376 2486 494 2552 vivum
521 2491 698 2568 ceperunt,
725 2484 938 2549 etvinctum
970 2501 1039 2566 quo
1067 2482 1161 2547 volc-

210 2587 296 2651 bant
323 2586 507 2650 duxerunt.
560 2585 698 2649 Exinde
724 2603 839 2654 comes
863 2583 1082 2665 wigorniam
1104 2601 1162 2646 ac-

211 2685 348 2764 cedens,
386 2685 561 2750 civitatem
594 2685 706 2767 ipsam
745 2685 820 2748 sinc
857 2683 929 2748 ulle
962 2683 1161 2748 resistentia

211 2786 312 2868 cepit.
376 2784 463 2850 Inde
490 2803 599 2866 usque
632 2784 798 2866 Brugiam
825 2782 1060 2866 progrediens,
1082 2802 1161 2846 cum

209 2885 328 2954 villam
357 2885 561 2962 obsedisset,
583 2883 772 2966 villauique
797 2883 988 2966 primodie
1014 2901 1053 2947 se
1078 2883 1161 2947 viri·

210 2985 288 3050 liter
302 2984 547 3062 defendissent,
564 2984 714 3050 secundo
730 2984 785 3048 die
798 2984 934 3048 firmato
949 2990 1053 3066 pacto
1068 2982 1160 3065 quod

210 3085 416 3162 wallenses,
447 3085 507 3168 qui
534 3091 701 3167 exparte
731 3083 800 3148 alia
831 3084 949 3148 urbem
978 3102 1160 3166 oppugua-

210 3187 307 3262 haut,
323 3205 394 3249 non
412 3184 725 3260 introducerentur,
742 3183 905 3266 oppidum
928 3182 1161 3246 reddiderunt.

212 3285 346 3349 Deinde
366 3285 595 3368 proficiscitur
618 3302 732 3348 comes
755 3283 799 3346 ad
819 3289 936 3365 partes
957 3283 1057 3362 regni
1080 3300 1161 3346 aus-

211 3386 328 3450 trales
381 3386 461 3449 Rex
487 3389 602 3448 autem
628 3391 663 3448 et
681 3382 801 3464 regina
817 3381 952 3447 iuterim
970 3380 1279 3450 Ιιοιιᾱοιιίἰιιιιιι
1279 3399 1321 3440 ιιι

211 3484 456 3550 morabantur
446 3503 483 3548 m
501 3483 604 3562 turri3
635 3501 725 3566 quae,
749 3502 827 3546 cum
842 3501 879 3545 se
894 3480 1081 3545 transferre
1098 3501 1162 3546 vo·
1171 3451 1205 3492 ¹¹¹
1206 3451 1271 3491 “M

211 3585 285 3649 lens
317 3585 362 3648 ad
396 3590 546 3648 castrum
584 3583 626 3646 de
659 3581 887 3658 windeberc,
921 3601 983 3663 per
1017 3579 1159 3646 fluvium

210 3684 392 3749 Thamasis
417 3683 617 3748 ascenderet
642 3683 678 3746 in
701 3681 842 3765 scapha,
867 3680 1052 3745 multitudo
1075 3681 1159 3744 civi-

210 3786 294 3850 tatis
309 3766 444 3868 plebeia
464 3783 508 3849 ad
524 3791 663 3865 pontem
687 3783 752 3846 sub
775 3801 844 3864 quo
859 3775 1065 3846 ³trausitura
1086 3789 1162 3846 erat

211 3890 434 3966 congregata,
465 3882 620 3947 convicia
648 3889 684 3946 et
704 3881 888 3946 maledicta
911 3880 947 3944 iu
967 3873 1060 3944 ⁴eam
1081 3899 1161 3944 con-

246 4092 254 4124 ¹
271 4096 280 4124 ‘
289 4094 398 4144 Besiller
406 4089 421 4157 ;’
432 4088 517 4143 D’A.:
530 4094 537 4120 ‘
548 4088 674 4154 Bosillis;’
733 4089 744 4122 ⁴
761 4091 877 4142 Because
889 4092 934 4140 she
942 4104 997 4140 was
1008 4091 1109 4153 against
1119 4091 1162 4141 the

211 4165 250 4216 M.
699 4165 780 4223 treaty
796 4163 839 4211 the
855 4161 918 4224 king
933 4175 987 4210 was
1002 4161 1120 4224 required
1136 4167 1162 4211 to

246 4231 256 4262 ²
272 4236 341 4297 ‘qua
351 4234 368 4295 ;'
378 4234 450 4284 ΜΛ
461 4231 507 4283 Ar.
698 4233 820 4281 conclude
828 4232 890 4281 with
902 4232 944 4281 the
955 4233 1022 4281 rebel
1035 4234 1124 4282 barone
1136 4233 1162 4280 in

246 4300 420 4365 ”translat
433 4304 472 4352 Μ.
699 4301 788 4352 favour
803 4302 832 4351 ol
845 4302 887 4352 the
905 4304 1057 4352 observance
1076 4302 1104 4352 ol
1119 4303 1161 4351 the
