3204 5028
450 485 515 550 124
808 501 883 549 rue.
906 501 1057 550 rarvnrr

450 679 591 724 suorum
614 658 821 736 discrimine,
841 659 1082 743 imperatorem
1106 678 1169 742 per
1190 658 1342 737 nuntios,
1366 667 1406 724 ut

449 779 554 842 super
571 759 678 824 illatis
702 758 836 843 injuriis
856 759 1034 824 emendam
1053 759 1194 837 faceret,
1212 760 1405 842 requisivit.

451 858 531 937 Quo
562 865 741 936 renuente,
774 854 910 924 armata
940 879 1045 924 manu
1071 861 1239 924 violenter
1267 868 1405 942 portum

450 959 633 1042 adquisitis
667 960 819 1042 quinque
850 960 959 1041 galeis
990 961 1159 1040 obtinuit3
1190 959 1416 1044 repulsisque·

450 1060 510 1141 qui
527 1060 564 1122 in
580 1067 708 1124 terram
723 1059 924 1124 descensum
948 1047 1187 1143 prohibebant,
1209 1061 1341 1142 primus
1364 1059 1406 1124 de

450 1160 598 1224 navibus
615 1178 786 1242 egressus,
809 1160 1033 1242 sequentibus
1055 1160 1145 1239 aliis,
1162 1160 1404 1242 imperatorem

451 1277 530 1323 cum
545 1260 617 1323 suis
634 1260 749 1342 coegit
765 1260 802 1322 in
818 1259 957 1341 fugam3
981 1267 1152 1342 captaque
1169 1259 1311 1324 civitate
1327 1278 1406 1342 quae

454 1358 620 1423 Limezun
636 1360 775 1437 dicitur,
788 1360 943 1442 reginam
958 1358 1086 1424 Siciliae
1100 1369 1136 1425 et
1146 1360 1407 1442 Berengariam,

451 1478 529 1542 quae
546 1479 623 1524 eum
641 1460 676 1523 in
693 1459 791 1523 Buza
807 1467 1058 1542 praevenerant,
1073 1460 1133 1524 sed
1149 1459 1231 1523 fixis
1245 1459 1406 1524 anchoris

451 1558 487 1621 in
510 1567 612 1641 portu
638 1567 816 1648 manentes
842 1559 1016 1642 applicare
1044 1559 1220 1638 nolebant,
1245 1560 1407 1624 timentes

453 1657 654 1723 Graecorum
697 1659 756 1742 qui
793 1659 942 1724 insulam
981 1659 1184 1724 habitabant
1224 1659 1405 1736 malitiam,

454 1758 554 1822 educi
589 1759 670 1823 fecit
708 1767 744 1824 et
780 1759 816 1823 in
850 1759 935 1824 villa
970 1759 1152 1842 hospitari,
1185 1767 1225 1824 ut
1263 1759 1406 1841 aliquali

453 1858 580 1941 quiete,
612 1865 692 1941 post
717 1865 770 1923 tot
795 1860 900 1923 maris
927 1859 1044 1937 taedia,
1068 1859 1301 1926 reficerentur.
1347 1858 1406 1922 Se-

453 1959 573 2040 quenti
587 1958 655 2036 die,
678 1979 740 2022 rex
763 1957 896 2023 eductis
918 1961 1016 2042 equis
1038 1953 1230 2043 ¹armisque
1251 1960 1324 2023 suis
1345 1958 1407 2021 im-

452 2065 647 2141 peratorem
678 2060 914 2142 persequitur3
950 2068 1090 2124 etcum
1121 2078 1163 2125 eo
1187 2077 1406 2141 congressus,

452 2159 576 2223 ceteris
599 2159 823 2241 fugientibus
847 2179 892 2222 ex
915 2159 1061 2224 adverso
1077 2161 1271 2224 venientem
1285 2159 1407 2223 lancea

453 2259 629 2340 excipiens
660 2279 749 2342 equo
783 2257 920 2344 dejecit,
946 2267 982 2323 et
1010 2259 1194 2324 interiecto
1223 2259 1406 2324 vexillario

452 2358 529 2443 ejus
541 2360 718 2424 baneriam
731 2358 916 2442 pretiosam
931 2359 1108 2424 lucrifecit.
1142 2359 1278 2423 Exinde
1292 2358 1406 2424 edicto

452 2459 591 2541 publico
606 2460 830 2543 praeconizari
846 2459 940 2536 fecit,
957 2468 996 2523 ut
1013 2459 1185 2542 indigenae
1200 2459 1295 2542 pacis
1309 2477 1405 2523 ama-

453 2566 558 2636 tores,
583 2559 695 2623 eundo
718 2567 753 2624 et
775 2559 949 2624 redeundo
974 2559 1018 2623 ad
1042 2560 1191 2637 libitum,
1215 2558 1407 2641 gauderent

453 2659 558 2722 solita
574 2659 747 2723 libertate.

289 2782 435 2831 suanno
504 2756 637 2835 Quinto
659 2757 737 2822 idus
760 2757 848 2822 Maii
870 2758 967 2823 venit
990 2757 1119 2837 Gnido,
1144 2778 1208 2823 rex
1231 2758 1405 2842 lerosoly-

289 2834 416 2923 iiduiiiim’
453 2876 599 2934 morum,
629 2877 650 2921 a
677 2877 758 2939 rege
790 2858 944 2923 Ricardo
965 2860 1147 2923 consilium
1176 2866 1212 2922 et
1237 2860 1406 2924 auxilium

289 2934 392 3022 diffie.
452 2956 634 3040 petiturus,
653 2977 756 3041 snper
776 2977 817 3021 ec
836 2958 929 3041 quod
946 2978 1009 3022 rex
1026 2959 1239 3024 Francorum
1255 2959 1407 3024 Marchi-

290 3033 381 3080 ΜΝ
452 3075 528 3120 sum
550 3056 721 3139 quendam
738 3057 910 3142 disposuit
930 3078 1046 3140 regem
1065 3059 1260 3123 Jerusalem
1281 3059 1406 3136 facere,

452 3156 529 3239 ipso
539 3157 691 3241 abjecto;
709 3157 808 3242 cujus
823 3166 863 3223 ut
871 3159 933 3243 jus
947 3159 984 3223 in
998 3178 1142 3244 regnum
1156 3164 1288 3242 pateat,
1300 3160 1405 3224 altius
1479 3197 1485 3208 ·

340 3324 341 3328 ,
452 3257 686 3337 repetendum.
1009 3261 1013 3268 '

290 3380 390 3440 aaran
504 3357 613 3421 Fulco
643 3357 745 3434 enim,
770 3365 870 3440 pater
898 3357 1049 3423 Galfridi
1080 3360 1215 3424 comitis
1241 3358 1406 3441 Andaga-

289 3433 569 3521 liffilillivensis
592 3458 717 3541 avique
741 3457 834 3539 regis
858 3457 1012 3536 Ricardi‚
1033 3461 1070 3522 in
1090 3479 1208 3541 regem
1231 3459 1406 3545 lerosoly-

289 3533 416 3572 ΜΨ·
453 3576 585 3620 morum
611 3558 753 3634 electus,
778 3558 822 3621 de
843 3557 916 3622 filia
937 3560 1030 3640 regis
1056 3559 1249 3624 Baldevvini
1274 3560 1406 3644 praede·

452 3657 597 3722 cessoris
624 3658 679 3722 sui
705 3656 792 3721 duos
820 3657 910 3722 filios
939 3660 1071 3740 genuit,
1098 3659 1339 3724 Baldevvinum
1372 3667 1406 3723 et

452 3753 686 3834 Amalricum:
711 3777 856 3840 quorum
871 3759 1004 3822 seniore
1017 3758 1091 3822 sine
1105 3760 1221 3824 liberis
1233 3760 1405 3835 defuncto,

447 3855 568 3940 junior
585 3857 683 3940 regni
698 3857 893 3922 diademate
910 3859 1098 3940 insignitur
1113 3879 1122 3939 ;
1146 3859 1206 3942 qui
1223 3861 1305 3925 bino
1323 3879 1406 3924 con·

448 3955 549 4039 jugia
566 3957 699 4021 variam
719 3959 900 4039 utriusque
921 3977 1026 4023 sexus
1048 3960 1247 4043 progeniem
1265 3960 1409 4024 suscita-

453 4056 515 4119 vit.
569 4057 624 4119 Ex
642 4057 753 4138 prima
776 4077 925 4140 namque
949 4077 1058 4122 uxore
1081 4059 1189 4123 lilium
1213 4061 1334 4142 genuit
1348 4079 1409 4124 no·

754 4281 759 4310 ¹
780 4286 949 4348 ‘armatisque
963 4289 1016 4337 suis
1025 4285 1041 4347 ;’
1054 4289 1093 4337 M.
