3204 5028
590 529 770 578 aurnuns.
1093 513 1158 575 105

197 671 370 763 drensem,
393 687 454 750 sed
476 687 764 768 complementum
780 705 848 749 non
872 684 1005 766 accepit
1027 703 1157 767 quous·

197 805 267 868 quc
291 805 392 849 suum
415 787 603 868 imperator
624 786 829 868 praebuisset
853 803 1043 848 assensum.
1096 783 1119 846 J
1122 803 1159 847 o-

197 905 319 964 annes,
342 885 434 949 filius
454 886 558 967 regis,
581 905 740 950 reversus
764 893 817 949 est
837 884 879 948 de
906 883 1077 948 Hibernia
1102 883 1158 947 de

198 984 290 1048 eimo
308 994 411 1050 sexto
427 985 590 1049 calendas
608 985 780 1050 Ianuarii.

237 1185 368 1221 mano.
457 1186 480 1221 r.
493 1185 656 1220 romanorun
669 1186 695 1221 u.
789 1183 943 1219 rrrrcorurr
991 1183 1132 1218 urniorum

230 1271 372 1308 ucnxxxvr.
410 1270 506 1306 uanam
519 1270 558 1307 111.
584 1270 718 1306 rosnarum
730 1273 748 1308 r.
992 1269 1099 1304 urrarcr
1111 1270 1141 1304 11.

477 1331 502 1376 1.
616 1329 710 1376 abst.
859 1331 884 1376 6.
1052 1330 1092 1375 82.

252 1485 435 1549 Monrrua
456 1482 635 1548 Galfridus
656 1484 729 1549 dux
752 1484 957 1560 Britanniae,
976 1484 1070 1565 regis
1084 1482 1159 1547 An·
1173 1508 1276 1548 nerlu

128 1632 132 1638 .
201 1586 338 1667 glorum
357 1583 449 1647 filius
466 1584 610 1664 tertius3
634 1592 669 1648 et
685 1585 844 1666 sepultus
861 1591 914 1648 est
931 1577 1106 1659 ¹Parisiis,
1123 1584 1159 1648 in
1173 1559 1269 1648 iffi

202 1684 350 1749 ecclesia
379 1685 490 1747 beatae
521 1682 691 1765 Virginis,
724 1692 807 1748 ante
843 1703 1007 1765 magnum
1038 1683 1158 1747 altare.
1173 1659 1277 1708 ³¹¹‘¹⁸¹²''

203 1784 276 1848 Hic
303 1803 347 1846 ex,
372 1802 483 1847 uxore
509 1780 715 1847 Constantia
748 1802 851 1846 unam
881 1783 986 1847 filiam
1015 1783 1158 1862 habens,

204 1883 345 1947 nomine
374 1881 586 1960 Alienorum,
614 1902 757 1946 uxorem
786 1884 1050 1965 impraegnatam
1078 1883 1157 1946 reli·

204 1983 293 2065 quit.
347 1981 427 2046 Hoc
445 2001 536 2046 auno
558 1983 681 2046 beatus
703 1975 842 2063 ²Hugo,
863 1984 957 2065 prior
978 1982 1159 2066 cujusdam
1172 2005 1313 2054 senuaar

204 2082 327 2146 domus
352 2082 482 2145 ordinis
504 2081 673 2146 Cartusiae
695 2083 731 2145 in
755 2080 895 2146 dioecesi
919 2081 1159 2159 Bathoniensi,
1172 2055 1268 2096 L¹⁰⁰⁰¹'²'

205 2190 414 2264 procurante
447 2201 529 2262 rege
562 2183 605 2244 ob
634 2181 833 2264 religionem
863 2188 898 2244 et
927 2183 1159 2260 sanctitatem,

205 2301 310 2364 quam
326 2282 362 2344 in
377 2301 418 2344 eo
434 2281 619 2363 plurimum
631 2283 874 2358 venerabatur,
891 2288 1089 2363 assumptus
1106 2288 1161 2344 est

205 2382 248 2445 ad
269 2380 519 2445 Lincolniensis
534 2381 688 2445 ecclesiae
705 2381 940 2462 praesulatum.
986 2380 1160 2444 Heuricus

204 2501 268 2546 rex
283 2481 510 2557 Teutonicae,
524 2479 615 2569 filius
629 2481 858 2562 imperatoris,
873 2479 973 2544 duxit
990 2479 1159 2544 Constan-

206 2581 304 2656 tiam,
319 2583 461 2645 amitam
478 2579 646 2643 Willelmi
663 2581 754 2662 regis
774 2579 913 2646 Sicilire.

256 2680 367 2744 Sexto
384 2680 504 2743 Martii
524 2679 630 2762 juxta
647 2677 838 2744 Gisortium
861 2679 1001 2743 redacta
1020 2687 1101 2742 sunt
1116 2678 1159 2741 ad
1174 2703 1248 2744 unsa

206 2800 328 2863 paoem
346 2788 381 2844 et
397 2779 627 2856 concordiam,
647 2799 725 2861 quae
750 2781 972 2844 vertebantur
993 2780 1084 2842 inter
1105 2798 1159 2842 re·
1173 2757 1254 2795 ''⁶¹²¹''

207 2901 285 2962 gem
312 2880 524 2943 Francorum
551 2886 587 2943 et
612 2879 770 2943 comitem
801 2878 987 2956 Flandriae,
1016 2878 1058 2942 de
1087 2885 1161 2942 toto

208 2987 404 3043 tenemento
424 2978 602 3060 Radulphi
625 2978 797 3060 quondam
819 2979 954 3042 comitis
977 2978 1162 3042 Viroman-

207 3078 342 3143 dorum.
395 3078 595 3157 Quinetiam
625 3078 783 3160 quaestio,
813 3097 891 3160 quae
922 3087 1016 3142 mota
1048 3077 1162 3141 fuerat

206 3179 299 3242 inter
325 3198 439 3260 regem
467 3177 661 3260 Anglorum
685 3185 719 3243 et
740 3178 978 3258 Margaretam
1005 3177 1161 3241 relictam

207 3277 270 3340 filii
297 3279 352 3340 sui
378 3278 481 3360 regis,
508 3286 579 3342 tam
601 3295 706 3360 super
731 3277 810 3341 dote
834 3297 898 3341 sua
926 3296 1030 3360 quam
1058 3296 1162 3358 super

207 3377 393 3441 donatione
425 3383 567 3459 propter
600 3377 753 3458 nuptias,
786 3377 957 3441 amicabili
991 3376 1160 3456 composi-

207 3477 302 3540 tione
327 3476 428 3540 finem
451 3477 597 3558 accepit.
651 3476 729 3541 Rex
760 3475 967 3559 Anglorum,
990 3494 1060 3538 una
1083 3493 1160 3537 cum

207 3577 342 3657 regina,
375 3576 411 3638 in
442 3574 607 3656 Angliam
639 3576 821 3652 transiens,
850 3577 885 3639 in
919 3582 1020 3657 portu
1052 3572 1161 3637 Ham-

207 3684 299 3740 tonae
321 3675 490 3758 applicuit
511 3676 633 3757 quinto
656 3675 720 3739 cal.
748 3675 847 3739 Maii.
899 3673 1096 3738 Willelmus
1118 3673 1161 3736 de

208 3775 314 3852 Veer,
332 3776 386 3839 vir
407 3775 531 3838 nobilis
556 3794 693 3855 genere,
718 3783 940 3839 consecratus
966 3780 1020 3836 est
1046 3774 1082 3836 in
1107 3771 1162 3835 die

207 3875 244 3968 S.
261 3874 440 3938 Laurentii
458 3874 493 3937 in
514 3875 713 3957 episcopum
735 3874 1036 3938 Herefordensem.
1075 3870 1163 3936 Wil-

247 4083 255 4114 ¹
269 4086 277 4112 ‘
289 4085 406 4134 Parisios
416 4083 433 4146 ;'
449 4085 483 4133 all
501 4084 544 4133 the
556 4083 632 4133 MSS.
644 4089 672 4132 ut
698 4082 755 4132 lour
766 4083 854 4144 priour
915 4088 941 4132 et
949 4084 1076 4169 anderepn
1133 4084 1162 4166 tu

207 4171 362 4274 suprpgeint
380 4223 523 4275 Hune...
542 4224 672 4284 primieree
699 4151 1163 4284 flefficgpgpquseegehiljlflpolegy2133,
1182 4178 1185 4184 Ι

208 4300 277 4344 ment
294 4294 322 4344 fu
338 4294 461 4343 cbauoine
477 4295 556 4354 ruler,
574 4294 596 4341 δι
614 4294 672 4354 puis
701 4293 788 4342 Carth.
802 4295 875 4341 1340.
