3252 5026
602 532 785 580 numanae.
1106 522 1172 586 235

214 686 461 752 deliberatione
499 689 721 770 respondens,
761 691 938 771 negotium
977 689 1094 772 posuit
1133 693 1167 756 in
1184 711 1258 752 una

214 807 391 870 suspenso.
445 787 587 852 Praelati
611 787 761 869 Angliae,
785 790 849 853 hoc
876 809 966 854 anno
990 794 1169 873 conquesti
1184 765 1266 802 Μ

214 896 295 950 sunt
325 888 399 969 regi
433 887 475 950 de
513 889 735 969 oppressione
770 889 924 952 ecclesiae
952 889 1170 970 Anglicanae,

217 980 334 1071 lquus
352 987 423 1050 fere
447 996 637 1070 proventus
660 1007 778 1051 omnes
803 996 838 1052 et
863 989 993 1052 reditus
1014 993 1171 1054 extranei

215 1088 450 1168 occupabant3
476 1094 615 1168 propter
633 1088 725 1169 quod
743 1089 910 1169 magistro
931 1089 1085 1153 Martino
1108 1090 1169 1153 do·

215 1186 299 1248 mini
326 1205 426 1268 papae
452 1192 534 1249 tunc
556 1187 824 1268 consanguineo,
850 1189 910 1269 qui
931 1188 1020 1251 inter
1037 1197 1170 1253 ceteros

163 1329 164 1332 ,
217 1286 340 1368 major,
363 1286 577 1366 aliorumque
600 1287 637 1348 in
659 1286 808 1367 negotiis
834 1285 938 1370 hujus
962 1294 1057 1351 tutor
1077 1289 1171 1352 vide-

216 1384 319 1447 batur
353 1393 388 1449 et
410 1385 579 1460 defensor,
612 1391 651 1448 ut
681 1405 825 1465 regnum
853 1386 997 1450 indilate
1025 1397 1171 1452 evacuet

218 1484 313 1564 regio
326 1484 510 1547 mandatur
524 1484 648 1547 edicto.
696 1484 895 1549 Bonifacius
912 1486 954 1549 de
965 1479 1170 1563 ²Sabaudia,

216 1584 345 1663 reginae
361 1583 501 1664 Angliae
518 1584 806 1664 consanguinem,
829 1585 872 1647 ad
898 1583 1171 1669 archiepiscopa-

217 1689 288 1745 tum
317 1680 615 1760 Cantuariensem,
645 1691 853 1766 procurante
880 1705 973 1766 rege,
1005 1705 1050 1750 ex
1077 1686 1169 1749 dono

218 1783 341 1845 summi
367 1782 540 1864 pontificis
568 1782 782 1846 sublimatur.
836 1783 925 1860 Odo,
951 1784 1171 1848 Tusculanus

218 1883 412 1965 episcopus
443 1901 578 1946 crucem
611 1883 814 1964 praedicavit
844 1883 880 1945 in
915 1885 1075 1960 Francia,
1107 1905 1170 1968 pro

216 1982 377 2062 passagio
404 1982 495 2063 reg'is
523 1982 733 2045 Francorum
756 1984 791 2045 in
819 1982 963 2047 Terram
993 1985 1168 2049 Sanctam.

218 2078 261 2142 In
292 2082 448 2163 partibus
478 2081 588 2145 etiarn
615 2080 790 2145 Hanoniae
821 2082 920 2146 multi
953 2103 1089 2147 crucem
1116 2104 1170 2148 ac-

217 2180 349 2262 cipiunt
378 2181 414 2244 in
447 2181 638 2244 subsidium
664 2180 879 2264 landegravii
907 2182 1102 2265 Turingiae,
1134 2185 1170 2246 in

216 2299 331 2360 regern
351 2281 586 2344 Romanorum
609 2289 816 2362 procurante
833 2281 971 2345 domino
993 2302 1086 2365 papa
1105 2303 1169 2346 nu-

217 2399 279 2462 per
312 2379 422 2455 electi,
461 2387 582 2444 contra
616 2379 819 2455 Henricum,
854 2380 963 2443 filium
997 2382 1170 2445 Frederici

192 2478 379 2561 ‘deposita
417 2473 428 2510 ³
435 2486 566 2561 patrem
607 2487 728 2543 contra
769 2480 949 2543 ecclesiam
985 2481 1169 2544 defenden-

218 2584 300 2642 tem.
344 2577 502 2654 Carolus,
520 2579 627 2642 frater
644 2579 735 2660 regis
755 2579 925 2657 Franciae,
942 2579 1050 2644 filiam
1065 2600 1168 2672 quar-

219 2684 290 2741 tam
324 2678 461 2742 comitis
490 2678 684 2741 Provinciae
719 2679 865 2760 accepit,
894 2699 956 2760 per
989 2699 1093 2762 quam
1116 2688 1170 2743 to·

218 2783 291 2840 tum
326 2785 448 2860 postea
478 2777 598 2841 habuit
629 2778 841 2841 comitatum.
906 2778 1059 2842 Tertiam
1088 2799 1170 2844 vero

218 2876 324 2940 filiam
352 2877 518 2961 ejusdem,
546 2870 723 2940 ⁴Sanciam
752 2879 901 2955 nomine,
931 2879 1080 2942 duxerat
1107 2879 1170 2943 Ri-

218 2975 341 3039 cardns
386 2977 493 3041 frater
533 2977 625 3058 regis
662 2975 813 3058 Angliae,
829 3009 838 3014 ’-
856 2977 1020 3043 defuncta
1057 2981 1171 3061 priore

218 3096 327 3139 uxore
368 3075 531 3154 Isabella‚
570 3075 691 3140 relicta
724 3077 897 3157 quondam
939 3078 1088 3143 Gilberti
1129 3079 1171 3142 de

220 3163 331 3253 Clare,
363 3177 406 3239 de
437 3196 507 3259 qua
539 3183 706 3260 genuerat
739 3176 846 3239 filium
880 3179 1017 3242 nomine
1045 3177 1171 3241 Henri-

219 3293 308 3340 cum,
361 3276 533 3358 Magister
564 3275 737 3339 Ricardus
768 3275 895 3339 Blundi
923 3276 963 3340 fit
988 3278 1171 3360 episcopus

220 3368 458 3439 ⁵Exoniensis

255 3628 263 3661 ¹
280 3632 373 3693 ‘cujus
395 3632 447 3682 iere
465 3634 562 3683 reditus
581 3636 637 3697 ejus
658 3639 683 3682 et
707 3636 756 3680 tem
768 3626 782 3690 ;’
808 3633 868 3682 Cod.
888 3634 968 3695 ch.:
988 3634 1105 3696 ‘partem
1127 3649 1172 3696 pa·

219 3707 356 3762 proventus
367 3705 480 3752 extranei
488 3699 503 3764 ;’
515 3706 553 3754 M.
565 3709 590 3754 et
599 3705 647 3755 Ar.
708 3703 754 3750 tris
762 3696 778 3761 ;'
790 3703 829 3751 M.

741 3769 752 3800 ⁴
769 3771 813 3856 ΑἸῙ
834 3772 877 3821 tho
900 3772 975 3822 MSS.
995 3773 1060 3822 have
1079 3775 1173 3823 ‘Scen-

256 3901 369 3955 8ΗυΗέι
396 3908 573 3956 emendation:
601 3907 609 3934 ‘
625 3922 683 3969 par·
707 3840 965 3971 chpubmniemm,
977 3907 1045 3962 n'A.

254 3799 265 3831 ⁹
282 3804 300 3853 i.
312 3819 335 3852 e.
346 3804 438 3866 Savoy.
