3226 5020
614 514 796 562 aurnuns,
1114 496 1180 564 275

222 692 368 756 scopus:
397 672 633 754 successitque
656 672 688 736 ei
712 671 888 737 Robertus
914 670 956 735 de
980 664 1178 735 ¹Winchin-

222 779 316 850 tona,
334 773 487 857 ejusdem
504 771 659 835 ecclesiae
677 772 838 836 decanus.

274 1278 493 1342 Enwnnnus
531 1276 622 1340 filius
653 1278 745 1359 regis
777 1277 928 1359 Angliae,
969 1296 1047 1340 cum
1086 1276 1175 1340 Ead-
1188 1285 1331 1375 fflffifigt'

223 1378 349 1441 mundo
372 1396 537 1459 germano
559 1395 622 1439 suo
645 1376 790 1458 aliisque
813 1377 969 1459 pluribus
992 1377 1175 1453 nobilibus,
1188 1386 1244 1435 flou
1253 1386 1319 1426 Land-

223 1478 289 1541 iter
310 1477 596 1559 peregrinationis
614 1475 650 1538 in
670 1477 814 1539 Terram
840 1475 1003 1540 Sanctam
1029 1477 1175 1558 arripuit

166 1645 169 1650 ,
224 1595 340 1641 mense
368 1577 475 1640 Maio.
528 1577 651 1640 Mense
679 1595 761 1640 vero
790 1574 952 1657 Augusto
981 1575 1175 1653 infirmitas

224 1695 301 1760 quae
332 1676 482 1739 maxime
509 1677 570 1741 illo
601 1683 754 1757 tempore
781 1676 873 1739 circa
895 1676 1043 1742 confinia
1071 1677 1175 1739 maris

224 1777 348 1858 viguit,
365 1777 400 1838 in
416 1777 570 1840 exercitu
585 1775 859 1839 Christianorum
876 1770 997 1838 ²nimis
1014 1775 1173 1847 invaluit.

225 1876 322 1940 Inter
346 1875 494 1959 majores
517 1877 626 1957 primo
649 1876 794 1940 moritur
806 1874 960 1939 Joannes
978 1895 1091 1940 comes
1111 1875 1175 1942 Ni-

224 1977 414 2052 vernensis,
446 1976 538 2056 regis
570 1976 781 2038 Francorum
814 1975 921 2054 lilius3
954 1981 1076 2057 postea
1105 1975 1175 2057 epi-

224 2094 350 2156 scopus
365 2073 584 2150 Albanensis,
608 2074 793 2138 cardinalis
819 2081 854 2137 et
870 2075 1175 2157 apostolicaesedis

223 2176 382 2256 legatus;
412 2182 585 2258 postremo
612 2176 735 2238 beatus
761 2173 956 2238 Lodovicus
978 2195 1039 2237 rex
1063 2173 1174 2238 Fran·
1189 2183 1297 2273 {gffl

225 2294 341 2338 corum
358 2273 686 2350 Christianissimus
708 2275 745 2337 in
766 2273 918 2338 crastino
937 2274 973 2339 S.
994 2273 1176 2338 Bartholo
1189 2285 1312 2333 arguare.

225 2375 302 2438 maei
326 2374 487 2456 apostoli,
505 2393 526 2438 a
543 2394 650 2455 regno
666 2372 846 2455 temporali
862 2375 999 2437 transiit
1016 2372 1059 2436 ad
1077 2380 1175 2436 aeter·

225 2495 318 2540 num.
372 2472 484 2550 Quam
515 2473 661 2538 feliciter
690 2481 806 2536 autem
829 2493 892 2536 rex
918 2474 985 2536 iste
1012 2473 1175 2537 termina—

225 2574 314 2638 verit
336 2567 506 2655 ⁸[vitam],
531 2593 594 2637 rex
626 2571 797 2637 Navarrae
820 2573 958 2636 domino
977 2572 1176 2636 Tusculano

226 2694 287 2756 per
309 2675 443 2736 litteras
471 2673 656 2737 intimavit.
710 2673 803 2736 Nam
829 2671 864 2734 in
887 2672 1086 2736 infirmitate
1113 2691 1177 2736 sua

224 2773 366 2837 laudare
383 2792 506 2836 nomen
521 2773 590 2835 Dur
609 2791 678 2835 non
697 2774 859 2849 cessavit,
875 2772 970 2836 illam
985 2773 1174 2836 orationem

225 2873 433 2954 aliquotiens
460 2873 699 2948 interserebat,
727 2873 830 2936 ‘Fac
865 2891 939 2948 noS,
966 2891 1176 2954 quaesumus

228 2972 387 3049 Domine,
405 2991 571 3055 prospera
589 2972 706 3034 mundi
726 2973 913 3055 despicere,
934 2979 969 3035 et
985 2972 1082 3036 nulla
1100 2972 1176 3056 ejus

225 3072 371 3137 adversa
386 3072 590 3136 formidare!
643 3070 776 3135 Orabat
795 3081 829 3135 et
846 3090 909 3154 pro
927 3071 1057 3154 populo
1075 3091 1177 3154 quem

224 3191 339 3236 secum
349 3172 554 3247 adduxerat,
567 3171 696 3246 dicens,
706 3177 716 3206 ‘
726 3172 823 3248 Esto,
835 3170 995 3248 Domine,
1006 3170 1096 3253 plebi
1107 3179 1177 3234 tuae

224 3271 460 3336 sanctificator
480 3279 514 3335 et
534 3271 676 3336 custos.'
729 3271 867 3335 Etcum
884 3271 1177 3352 appropinquaret

225 3372 270 3435 ad
297 3372 410 3449 finem,
433 3372 592 3453 suspexit
618 3371 653 3433 in
677 3370 804 3434 coelum
836 3369 964 3446 dicens,
997 3369 1177 3433 ‘Introibo

224 3472 260 3535 iu
287 3472 425 3535 domum
445 3479 554 3546 tuam,
581 3470 733 3534 adorabo
760 3470 804 3533 ad
828 3469 993 3551 templum
1019 3476 1176 3532 sanctum

225 3577 334 3648 tuum,
346 3579 381 3635 et
395 3571 582 3634 confitebor
599 3571 729 3633 nomini
743 3577 815 3646 tuo,
830 3569 1002 3632 Domine!
1043 3569 1089 3632 Et
1102 3568 1176 3632 haec

225 3671 355 3747 dicens,
373 3670 580 3738 obdormivit
597 3671 633 3733 in
651 3669 816 3734 Domino.
867 3661 947 3732 ⁴Cui
961 3667 1127 3732 successit
1140 3668 1175 3730 iu

225 3790 333 3852 regno
347 3770 438 3834 filius
454 3770 529 3854 ejus
546 3769 740 3852 Philippus.

261 3959 269 3992 ¹
287 3963 533 4024 ‘Winchamptoniae
546 3961 573 4023 ;’
597 3957 687 4011 u’A.:
748 3959 759 3991 ³
776 3956 862 4010 Hall’a
873 3959 995 4008 addition.
1020 3959 1141 4022 Wenting
1151 3960 1177 4010 in

223 4033 354 4082 ‘Wicham
363 4028 378 4093 ;'
390 4034 429 4082 M.
435 4030 526 4082 etita:
539 4033 546 4058 ‘
557 4031 688 4080 Wikham-
713 4032 749 4080 all
759 4031 801 4080 the
814 4029 889 4079 MSS.

225 4109 284 4151 tona
293 4099 309 4162 ;'
322 4104 382 4152 Cod.
397 4103 477 4164 Reg.:
498 4101 573 4163 infra,
584 4103 617 4150 ad
629 4116 688 4151 ann.

227 4176 301 4222 1284.
750 4167 760 4200 ⁴
779 4170 903 4230 Compare
918 4168 969 4217 this
981 4167 1043 4234 with
1057 4167 1099 4215 the
1114 4171 1180 4216 most

262 4239 272 4269 ²
287 4243 380 4292 ‘minis
386 4237 401 4302 3’
415 4243 474 4291 Cod.
483 4243 560 4302 Rega
572 4235 689 4300 ‘minues
714 4240 861 4300 interesting
879 4239 1004 4288 narrative
1024 4236 1053 4286 of
1064 4237 1105 4286 his
1125 4236 1179 4287 bio·

226 4312 266 4362 M.
716 4307 973 4371 grapher,Joiuville.

983 4397 1026 4441 ’12
