3190 4982
591 511 771 560 usurpas.
1116 495 1158 561 17

203 684 281 730 cum
298 685 401 730 soem
415 687 480 732 sua
496 669 629 750 regina,
648 688 728 752 quae
749 670 831 734 dum
850 669 893 734 ad
916 670 1030 734 locum
1050 669 1156 735 alium

204 764 354 847 migrare
370 767 550 846 voluisset,
568 789 590 836 a
605 768 764 834 Galfrido
786 789 891 853 passa
912 770 1152 845 resistentiam,

204 867 445 932 coactaestin
468 887 580 933 manu
594 869 748 954 ejusdem
777 889 898 934 nurum
923 863 1153 953 relinquere¹;

202 973 326 1047 postea
342 975 458 1032 tamen
475 969 546 1050 regi
562 969 762 1051 praedictam
779 970 971 1053 reposcenti
991 971 1155 1048 restituit,

200 1064 396 1149 licetaegre.
449 1067 538 1132 Cum
546 1068 622 1134 hoec
633 1069 797 1135 oblivioni
807 1069 935 1134 tradita
945 1068 1155 1146 viderentur,

202 1165 294 1228 inter
328 1166 417 1231 alios
450 1187 622 1251 proceres,
659 1170 719 1251 qui
748 1169 861 1235 edicto
891 1169 1030 1251 publico
1061 1169 1154 1252 apud

203 1273 360 1330 sanctum
377 1265 554 1332 Albanum
567 1276 814 1345 convenerant,
826 1269 989 1351 apparuit
1001 1268 1056 1332 hic
1070 1267 1156 1332 Gal-

203 1363 333 1446 sridus3
373 1386 476 1450 quem
508 1387 570 1432 rex
598 1367 692 1432 illico
716 1367 965 1450 indignationis
987 1367 1070 1432 loris
1094 1367 1154 1432 ad-

204 1465 374 1544 strictum,
401 1486 470 1530 non
494 1475 575 1532 ante
595 1467 726 1532 dimisit
746 1468 903 1544 liberum,
928 1484 1030 1550 quam
1062 1466 1154 1531 Lon-

202 1562 402 1630 douiensem
417 1574 558 1644 turrem,
575 1567 795 1650 reliquasque
809 1586 897 1649 quas
912 1568 1023 1631 tenuit
1043 1568 1156 1630 muni·

203 1663 326 1742 tiones,
374 1666 582 1731 satellitibus
626 1668 731 1750 regiis
772 1668 974 1751 resignaret.
1052 1665 1156 1731 Liber

203 1771 319 1829 autem
347 1765 473 1844 factus,
501 1767 658 1850 ingentia
683 1768 829 1833 metiens
855 1769 984 1844 animo,
1009 1767 1156 1832 collecta

201 1863 434 1947 improborum
456 1885 561 1931 manu
583 1868 619 1931 in
642 1869 886 1934 monasterium
910 1861 1155 1932 'Ramesiense

203 1963 355 2044 invasit3
390 1973 437 2044 et,
457 1966 614 2050 expulsis
636 1968 825 2044 monachis,
846 1966 889 2030 de
914 1966 1061 2031 ecclesia
1080 1985 1156 2030 cas-

203 2070 294 2128 trum
312 2060 594 2148 faciens,³primo
612 2066 999 2150 crebrisirruptionibus
1007 2065 1154 2130 vicinam

202 2161 381 2229 infestavit
396 2166 620 2248 provinciam,
636 2185 677 2230 ac
692 2187 736 2230 ex
755 2185 916 2231 successu
927 2165 1062 2229 demum
1073 2185 1155 2228 con·

203 2271 305 2347 cepta
327 2264 453 2329 fiducia
475 2266 699 2349 progrediens
722 2267 872 2348 longius,
898 2284 1013 2346 regem
1039 2265 1153 2346 ipsum

203 2366 384 2442 exterruit,
402 2373 438 2431 et
461 2366 637 2430 acerrimis
654 2359 871 2430 ⁴insultando
894 2362 1156 2427 excursionibus

201 2462 374 2545 fatigavit.

255 2563 335 2628 Rex
361 2566 587 2644 Francorum,
619 2571 740 2630 contra
766 2563 925 2628 comitem
955 2560 1155 2644 Campaniae

204 2662 442 2729 Theobaldum
457 2665 586 2729 ducens
602 2664 804 2741 exercitum,
819 2659 1029 2728 ⁶Vitriacum
1045 2663 1154 2744 cepit3

204 2763 304 2848 cujus
320 2783 488 2830 succensa
502 2765 659 2842 ecclesia,
675 2765 816 2848 plurimi
839 2765 874 2828 in
900 2781 943 2827 ea
961 2763 1155 2845 consumpti

204 2871 285 2928 sunt
299 2865 389 2948 igne.
443 2863 523 2928 Rex
544 2872 660 2929 autem
683 2870 835 2928 castrum
858 2863 943 2927 illud
963 2862 1080 2944 nepoti
1096 2881 1155 2926 co·

204 2963 312 3040 mitis,
326 2984 428 3047 quem
445 2972 591 3046 patruus
613 2963 701 3028 alias
722 2963 928 3046 patrimonio
945 2962 1155 3044 privaverat,

169 3119 175 3132 .
203 3064 362 3129 contulit.

255 3163 460 3229 Innocentio
489 3182 583 3247 papa
615 3163 680 3228 hoc
711 3182 802 3227 anno
832 3161 1006 3239 defuncto,
1040 3160 1313 3258 sepul-pawn·

205 3271 310 3346 toque
336 3263 373 3326 iu
403 3263 549 3328 ecclesia
579 3261 818 3339 Lateranensi,
851 3263 887 3324 in
916 3260 1047 3325 concha
1077 3279 1157 3344 por·

203 3363 358 3446 phyrica‚
373 3382 478 3446 opere
495 3363 581 3426 miro
596 3363 745 3445 sculpta,
759 3360 970 3426 Coelestinus
986 3358 1157 3423 secundus

203 3462 383 3539 successit,
409 3463 468 3544 qui
491 3481 606 3544 regem
631 3460 842 3526 Lodovicum
865 3458 909 3522 ad
934 3477 1053 3540 pacem
1075 3476 1158 3521 con-

204 3561 426 3643 cordiamque
461 3559 609 3625 reduxit.
676 3561 798 3637 Falco,
828 3577 891 3622 rex
926 3555 1158 3633 Hierusalem,

205 3661 365 3727 venando
385 3680 475 3743 equo
493 3661 613 3743 lapsus
632 3660 775 3736 interiit,
799 3657 855 3722 cui
876 3656 966 3720 filins
983 3655 1059 3740 ejus
1077 3654 1160 3718 Bal-

205 3762 363 3827 dewiuus
376 3761 555 3825 successit.

242 3982 249 4012 ¹
261 3980 352 4030 ‘aliter
371 3993 421 4029 nou
438 3979 563 4041 permissa
577 3977 647 4031 abire
656 3971 670 4038 ;’
732 3973 741 4002 ⁴
752 3975 905 4025 ‘insultibus
916 3969 932 4035 ς’
944 3973 983 4022 Μ.

203 4051 251 4148 Μ’*
261 4107 458 4169 ‘Rhcmesiense
467 4114 482 4182 ;'
501 4119 539 4168 Μ.
732 4112 743 4142 ⁵
763 4115 904 4164 vitriacum
922 4112 1074 4162 ‘castellnm
1089 4108 1104 4175 ;’
1122 4114 1160 4163 Μ.

241 4187 421 4252 “percrebris
431 4184 445 4250 ;'
464 4184 533 4239 ΠΛ.
698 4187 827 4235 ‘castrum
839 4179 853 4246 ;’
866 4183 911 4234 Ar.

989 4403 1009 4448 G
