3226 5020
262 1310 281 1349 Δ
288 1321 337 1370 neu

261 1371 356 1410 coinage.

261 2501 371 2552 Epiecopal
401 2543 405 2551 ,

261 2553 360 2602 changes.

422 423 489 487 300
782 441 854 488 ruo.
879 437 1025 487 rurvnrr

424 605 655 663 consecratus.
703 595 774 662 Hic
802 597 947 662 Parisiis
970 597 1006 660 in
1027 594 1204 677 theologia
1222 603 1378 672 rexerat,

424 705 460 762 et
489 698 637 762 Oxoniae
666 697 831 762 lectiones
861 716 943 761 suas
966 702 1214 778 resumpserat3
1251 695 1376 759 deinde

424 799 581 862 minister
606 798 829 881 provincialis
857 795 1009 877 Angliae,
1034 815 1075 860 ac
1101 796 1239 871 tandem
1266 795 1376 860 lector

424 896 546 979 palatii
563 899 598 961 in
616 898 776 962 Romana
793 897 889 961 curia
905 897 1019 960 factus
1042 895 1130 959 fuit:
1164 895 1222 977 qui
1243 895 1373 958 ordinis

424 998 479 1060 sui
509 997 640 1062 zelator
661 1004 737 1062 er'at
766 997 973 1079 praecipuuS‚
1003 995 1193 1059 carminum
1226 994 1375 1058 dictator

425 1098 598 1179 egregius,
629 1106 750 1179 gestus
792 1096 986 1178 affatusque
1012 1093 1216 1177 pompatici,
1248 1095 1373 1157 mentis

425 1189 586 1279 ¹[tamen]
605 1197 775 1278 benigna,
801 1204 837 1260 et
862 1195 967 1258 animi
994 1194 1179 1258 admodum
1211 1192 1372 1257 liberalia.

426 1295 569 1360 Moneta
593 1297 744 1378 Angliae‚
761 1316 824 1379 per
839 1302 1018 1359 tonsuram
1033 1294 1134 1356 nimis
1151 1293 1372 1370 deteriorata,

425 1413 469 1458 ex
484 1395 648 1460 mandato
664 1396 755 1478 regis
772 1401 972 1471 renovatur,
987 1392 1177 1475 obolusque
1194 1392 1254 1474 qui
1276 1393 1374 1475 prius

424 1494 570 1559 formam
596 1495 801 1560 semicirculi
830 1493 993 1570 babebat,
1017 1499 1184 1575 tanquam
1211 1511 1293 1574 pars
1316 1493 1373 1556 de-

424 1594 513 1658 narii
537 1596 573 1658 in
601 1594 712 1660 medio
741 1594 855 1672 divisi,
879 1593 920 1657 fit
949 1593 1131 1669 rotundae,
1149 1593 1255 1675 juxta
1284 1593 1374 1656 vati·

424 1694 550 1757 oinium
574 1694 716 1758 Merlini
738 1695 897 1770 dicentia,
920 1692 1111 1756 ‘Findetur
1145 1691 1255 1754 forma
1277 1710 1371 1755 com·

424 1793 553 1870 mercii,
572 1793 750 1857 dimidium
768 1792 953 1857 rotundum
970 1791 1058 1858 erit'
1105 1791 1256 1854 Illustris
1274 1790 1372 1854 miles

423 1892 584 1973 Rogerus
617 1893 659 1956 de
688 1893 933 1958 Mortuo-mari
967 1891 1059 1974 apud
1089 1883 1372 1972 ²Kelingworthe

422 1990 542 2055 ludum
590 1991 786 2070 militarem,
836 2011 937 2075 quem
987 1991 1129 2055 vocavit
1171 1990 1371 2054 Rotundum

421 2091 604 2168 Tabulam,
643 2099 779 2156 centum
820 2092 967 2156 militum
999 2109 1040 2154 ac
1071 2084 1232 2155 ³totidem
1264 2090 1375 2153 domi·

421 2210 543 2254 narum
568 2192 777 2269 constituit3
814 2192 856 2254 ad
878 2185 1001 2273 4quam
1030 2209 1092 2272 pro
1115 2209 1287 2254 armorum
1309 2209 1373 2253 ex-

421 2291 540 2355 ercitio
561 2292 603 2356 de
626 2290 771 2356 diversis
792 2293 909 2372 regnis
928 2289 1096 2354 confluxit
1118 2289 1242 2353 militia
1262 2289 1373 2354 multa

424 2391 537 2454 nimis.
1109 2445 1113 2454 .

477 2490 600 2553 Frater
629 2489 816 2566 RobertuS,
845 2489 920 2572 jam
951 2491 1133 2573 episcopus
1156 2489 1371 2565 PortuensiS,

424 2597 503 2671 post
534 2590 719 2654 adventum
749 2609 850 2654 suum
879 2589 922 2653 ad
946 2591 1077 2654 curiam
1102 2589 1256 2670 grauiter
1276 2588 1372 2651 infir-

424 2696 551 2766 matae,
574 2696 653 2770 post
670 2709 800 2772 paucos
822 2688 895 2752 dies
920 2690 956 2752 in
979 2688 1128 2752 Domino
1152 2688 1371 2753 obdormivit.

426 2787 549 2851 Frater
566 2787 589 2850 J
592 2807 720 2852 oannes
745 2788 787 2852 de
807 2788 1049 2870 Derlingtona,
1072 2788 1249 2852 confessor
1266 2807 1372 2870 quon-

423 2887 502 2950 dam
531 2886 674 2949 Henrici
698 2888 803 2968 regis,
828 2908 872 2951 ex
890 2888 1073 2952 collatione
1096 2887 1213 2971 papali
1228 2885 1373 2950 efficitur

423 2985 699 3068 archiepiscopus
729 2987 967 3065 DublinensiS,
997 2988 1057 3068 qui
1080 2987 1230 3051 nondum
1253 3005 1275 3050 a
1302 2986 1372 3049 col·

423 3083 569 3148 lectione
586 3085 793 3150 decimarum
811 3106 874 3169 per
898 3105 1068 3152 summum
1092 3085 1289 3170 pontificem
1306 3085 1372 3148 sibi

423 3184 586 3266 imposita
608 3185 764 3250 totaliter
796 3186 992 3268 expeditus,
1018 3206 1080 3268 per
1103 3197 1211 3249 annos
1237 3186 1379 3267 aliquot

422 3284 458 3347 in
488 3281 617 3365 Anglia
639 3305 770 3350 moram
802 3286 923 3350 traxit.
976 3285 1073 3349 Obiit
1094 3285 1273 3351 Walterus
1297 3283 1373 3348 Gis-

423 3383 510 3460 fard,
536 3384 814 3467 archiepiscopus
838 3384 1088 3448 Eboracensis:
1123 3386 1178 3449 cui
1206 3384 1373 3448 successit

422 3484 588 3564 magister
613 3483 809 3548 Willelmus
839 3485 881 3550 de
908 3483 1124 3562 Wikewane,
1147 3484 1182 3547 in
1212 3483 1375 3547 Romana

423 3583 519 3648 curia
552 3591 782 3647 consecratus.
858 3583 954 3648 Obiit
984 3584 1089 3649 etiam
1124 3583 1296 3649 Ricardus
1329 3583 1372 3646 de

422 3811 528 3856 conatus
538 3807 651 3870 adjuvet,
665 3825 755 3872 meque
765 3811 883 3872 illustret,
908 3815 963 3860 true
972 3811 1123 3874 knowledge
1133 3813 1184 3862 and
1195 3812 1306 3862 attained
1316 3827 1378 3874 pro··

423 3880 449 3924 et
471 3877 581 3925 deducat
602 3879 636 3927 ad
658 3881 836 3942 proprietatem
858 3884 884 3928 et
907 3880 986 3929 found
996 3881 1120 3944 learning,

423 3950 539 3996 naturam
553 3947 629 4010 lucie,
639 3964 714 4009 quam
726 3950 883 3999 tractandam
944 3948 951 3978 ¹
969 3947 1092 4010 ‘tamem‘
1104 3952 1144 4000 Μ.

424 4016 527 4076 incipio.
537 4017 721 4080 inquirendam,
729 4024 755 4068 et
763 4020 883 4080 patefaci-
944 4017 954 4050 ²
970 4021 1012 4070 Sic
1021 4021 1063 4070 the
1072 4017 1374 4081 MSS.;‘Kenilworthet'

424 4081 532 4133 endam!
553 4087 884 4137 Acommencementwhich
944 4087 955 4122 ⁸
971 4091 1092 4140 ‘totidem
1099 4087 1114 4153 ;’
1126 4091 1231 4140 omitted
1239 4092 1265 4140 in
1273 4093 1313 4142 M.
1321 4093 1372 4141 and

424 4153 484 4202 well
499 4153 637 4204 illustratae
650 4157 693 4206 the
712 4158 835 4218 principle
850 4159 885 4218 by
908 4161 957 4210 Ar.

426 4222 508 4276 which
519 4224 655 4274 mediaevol
669 4241 725 4276 meu
741 4228 833 4289 eougbt
848 4228 886 4277 lor
944 4229 954 4260 ⁴
971 4231 1070 4293 ‘quern²
1082 4231 1130 4279 i.e.
1138 4229 1227 4280 ludum
1236 4225 1251 4292 ς’
1263 4229 1315 4282 Ar.
