<?xml version="1.0" encoding="UTF-8"?>
<!DOCTYPE html PUBLIC "-//W3C//DTD XHTML 1.0 Transitional//EN"
    "http://www.w3.org/TR/xhtml1/DTD/xhtml1-transitional.dtd">
<html xmlns="http://www.w3.org/1999/xhtml" xml:lang="en" lang="en">
 <head>
  <title>
</title>
<meta http-equiv="Content-Type" content="text/html;charset=utf-8" />
  <meta name='ocr-system' content='tesseract 3.04.00' />
  <meta name='ocr-capabilities' content='ocr_page ocr_carea ocr_par ocr_line ocrx_word'/>
</head>
<body>
  <div class='ocr_page' id='page_1' title='image "./fnicholaitrivet00socigoog/fnicholaitrivet00socigoog_0116.png"; bbox 0 0 3204 5028; ppageno 0'>
   <div class='ocr_carea' id='block_1_1' title="bbox 436 485 1036 560">
    <p class='ocr_par' dir='ltr' id='par_1_1' title="bbox 436 485 1036 560">
     <span class='ocr_line' id='line_1_1' title="bbox 436 485 1036 560; baseline -0.002 -8"><span class='ocrx_word' id='word_1_1' title='bbox 436 485 480 560; x_wconf 76' lang='grc'><strong>84</strong></span> <span class='ocrx_word' id='word_1_2' title='bbox 796 505 870 553; x_wconf 80' lang='lat' dir='ltr'><strong>nro.</strong></span> <span class='ocrx_word' id='word_1_3' title='bbox 888 505 1036 552; x_wconf 81' lang='lat' dir='ltr'><strong>rarvnrr</strong></span> 
     </span>
    </p>
   </div>
   <div class='ocr_carea' id='block_1_2' title="bbox 273 659 1391 4022">
    <p class='ocr_par' dir='ltr' id='par_1_2' title="bbox 273 659 1391 4022">
     <span class='ocr_line' id='line_1_2' title="bbox 273 659 1387 737; baseline 0.003 -18"><span class='ocrx_word' id='word_1_4' title='bbox 273 669 390 709; x_wconf 69' lang='lat' dir='ltr'><strong>much·</strong></span> <span class='ocrx_word' id='word_1_5' title='bbox 437 677 499 724; x_wconf 84' lang='lat' dir='ltr'><strong>rex</strong></span> <span class='ocrx_word' id='word_1_6' title='bbox 515 659 578 732; x_wconf 87' lang='lat' dir='ltr'>sibi</span> <span class='ocrx_word' id='word_1_7' title='bbox 596 659 769 737; x_wconf 80' lang='lat' dir='ltr'><strong>vendicat,</strong></span> <span class='ocrx_word' id='word_1_8' title='bbox 787 661 848 724; x_wconf 90' lang='lat' dir='ltr'><strong>sed</strong></span> <span class='ocrx_word' id='word_1_9' title='bbox 863 681 925 724; x_wconf 92' lang='lat' dir='ltr'><strong>nos</strong></span> <span class='ocrx_word' id='word_1_10' title='bbox 941 680 1015 724; x_wconf 90' lang='lat' dir='ltr'><strong>eam</strong></span> <span class='ocrx_word' id='word_1_11' title='bbox 1032 660 1130 723; x_wconf 92' lang='lat' dir='ltr'><strong>nobis</strong></span> <span class='ocrx_word' id='word_1_12' title='bbox 1146 659 1387 724; x_wconf 81' lang='lat' dir='ltr'><strong>damnabiliter</strong></span> 
     </span>
     <span class='ocr_line' id='line_1_3' title="bbox 274 719 1389 858; baseline 0.004 -39"><span class='ocrx_word' id='word_1_13' title='bbox 274 719 421 858; x_wconf 50' lang='lat' dir='ltr'><strong>{mint</strong></span> <span class='ocrx_word' id='word_1_14' title='bbox 438 777 676 839; x_wconf 83' lang='lat' dir='ltr'><strong>reservamus3</strong></span> <span class='ocrx_word' id='word_1_15' title='bbox 704 767 808 843; x_wconf 91' lang='lat' dir='ltr'><strong>atque</strong></span> <span class='ocrx_word' id='word_1_16' title='bbox 826 761 966 824; x_wconf 87' lang='lat' dir='ltr'>liberam</span> <span class='ocrx_word' id='word_1_17' title='bbox 997 761 1186 842; x_wconf 77' lang='lat' dir='ltr'><strong>praebentes</strong></span> <span class='ocrx_word' id='word_1_18' title='bbox 1203 761 1389 842; x_wconf 88' lang='lat' dir='ltr'><strong>impunita-</strong></span> 
     </span>
     <span class='ocr_line' id='line_1_4' title="bbox 283 823 1388 942; baseline 0.001 -21"><span class='ocrx_word' id='word_1_19' title='bbox 283 823 344 860; x_wconf 55' lang='grc' dir='ltr'><strong>’Μ’</strong></span> <span class='ocrx_word' id='word_1_20' title='bbox 438 858 484 922; x_wconf 88' lang='lat' dir='ltr'><strong>tis</strong></span> <span class='ocrx_word' id='word_1_21' title='bbox 498 860 690 937; x_wconf 83' lang='lat' dir='ltr'><strong>materiam,</strong></span> <span class='ocrx_word' id='word_1_22' title='bbox 707 861 744 924; x_wconf 91' lang='lat' dir='ltr'><strong>in</strong></span> <span class='ocrx_word' id='word_1_23' title='bbox 763 859 882 925; x_wconf 78' lang='lat' dir='ltr'><strong>fauces</strong></span> <span class='ocrx_word' id='word_1_24' title='bbox 904 867 1042 924; x_wconf 89' lang='lat' dir='ltr'><strong>nostras</strong></span> <span class='ocrx_word' id='word_1_25' title='bbox 1065 859 1231 923; x_wconf 91' lang='lat' dir='ltr'><strong>laicorum</strong></span> <span class='ocrx_word' id='word_1_26' title='bbox 1253 859 1388 942; x_wconf 81' lang='lat' dir='ltr'><strong>gladios</strong></span> 
     </span>
     <span class='ocr_line' id='line_1_5' title="bbox 438 957 1388 1041; baseline -0.001 -19"><span class='ocrx_word' id='word_1_27' title='bbox 438 977 678 1041; x_wconf 87' lang='lat' dir='ltr'><strong>provocamus.</strong></span> <span class='ocrx_word' id='word_1_28' title='bbox 724 959 994 1041; x_wconf 84' lang='lat' dir='ltr'><strong>Ignominiosum</strong></span> <span class='ocrx_word' id='word_1_29' title='bbox 1012 965 1077 1035; x_wconf 87' lang='lat' dir='ltr'><strong>est,</strong></span> <span class='ocrx_word' id='word_1_30' title='bbox 1094 957 1186 1041; x_wconf 89' lang='lat' dir='ltr'><strong>quod</strong></span> <span class='ocrx_word' id='word_1_31' title='bbox 1203 978 1267 1041; x_wconf 89' lang='lat' dir='ltr'><strong>pro</strong></span> <span class='ocrx_word' id='word_1_32' title='bbox 1282 977 1388 1041; x_wconf 90' lang='lat' dir='ltr'><strong>capra</strong></span> 
     </span>
     <span class='ocr_line' id='line_1_6' title="bbox 439 1057 1389 1142; baseline -0.001 -20"><span class='ocrx_word' id='word_1_33' title='bbox 439 1057 494 1122; x_wconf 88' lang='lat' dir='ltr'><strong>vel</strong></span> <span class='ocrx_word' id='word_1_34' title='bbox 518 1059 655 1122; x_wconf 90' lang='lat' dir='ltr'><strong>ovicula</strong></span> <span class='ocrx_word' id='word_1_35' title='bbox 676 1058 827 1140; x_wconf 83' lang='lat' dir='ltr'><strong>gravior,</strong></span> <span class='ocrx_word' id='word_1_36' title='bbox 853 1079 916 1142; x_wconf 93' lang='lat' dir='ltr'><strong>pro</strong></span> <span class='ocrx_word' id='word_1_37' title='bbox 939 1058 1118 1122; x_wconf 89' lang='lat' dir='ltr'><strong>sacerdote</strong></span> <span class='ocrx_word' id='word_1_38' title='bbox 1141 1059 1256 1122; x_wconf 91' lang='lat' dir='ltr'><strong>occiso</strong></span> <span class='ocrx_word' id='word_1_39' title='bbox 1283 1077 1389 1141; x_wconf 90' lang='lat' dir='ltr'><strong>poena</strong></span> 
     </span>
     <span class='ocr_line' id='line_1_7' title="bbox 438 1151 1390 1240; baseline 0.001 -22"><span class='ocrx_word' id='word_1_40' title='bbox 438 1157 613 1222; x_wconf 84' lang='lat' dir='ltr'><strong>remissior</strong></span> <span class='ocrx_word' id='word_1_41' title='bbox 625 1159 810 1240; x_wconf 82' lang='lat' dir='ltr'><strong>irrogatur.</strong></span> <span class='ocrx_word' id='word_1_42' title='bbox 847 1159 916 1223; x_wconf 88' lang='lat' dir='ltr'><strong>Sed</strong></span> <span class='ocrx_word' id='word_1_43' title='bbox 930 1151 1030 1240; x_wconf 89' lang='lat' dir='ltr'><strong>¹[his]</strong></span> <span class='ocrx_word' id='word_1_44' title='bbox 1044 1157 1282 1221; x_wconf 88' lang='lat' dir='ltr'><strong>etdurioribus</strong></span> <span class='ocrx_word' id='word_1_45' title='bbox 1292 1157 1390 1239; x_wconf 84' lang='lat' dir='ltr'><strong>digni</strong></span> 
     </span>
     <span class='ocr_line' id='line_1_8' title="bbox 437 1257 1387 1341; baseline 0.002 -23"><span class='ocrx_word' id='word_1_46' title='bbox 437 1269 570 1334; x_wconf 85' lang='lat' dir='ltr'><strong>sumus,</strong></span> <span class='ocrx_word' id='word_1_47' title='bbox 587 1257 648 1339; x_wconf 91' lang='lat' dir='ltr'><strong>qui</strong></span> <span class='ocrx_word' id='word_1_48' title='bbox 663 1257 938 1341; x_wconf 88' lang='lat' dir='ltr'><strong>jurisdictionem</strong></span> <span class='ocrx_word' id='word_1_49' title='bbox 956 1257 1116 1334; x_wconf 90' lang='lat' dir='ltr'><strong>alienam,</strong></span> <span class='ocrx_word' id='word_1_50' title='bbox 1138 1263 1174 1320; x_wconf 91' lang='lat' dir='ltr'><strong>et</strong></span> <span class='ocrx_word' id='word_1_51' title='bbox 1189 1257 1289 1320; x_wconf 92' lang='lat' dir='ltr'><strong>nobis</strong></span> <span class='ocrx_word' id='word_1_52' title='bbox 1313 1276 1387 1320; x_wconf 93' lang='lat' dir='ltr'><strong>om-</strong></span> 
     </span>
     <span class='ocr_line' id='line_1_9' title="bbox 437 1356 1386 1438; baseline 0.001 -21"><span class='ocrx_word' id='word_1_53' title='bbox 437 1356 520 1419; x_wconf 92' lang='lat' dir='ltr'><strong>nino</strong></span> <span class='ocrx_word' id='word_1_54' title='bbox 536 1356 738 1434; x_wconf 88' lang='lat' dir='ltr'><strong>indebitam,</strong></span> <span class='ocrx_word' id='word_1_55' title='bbox 759 1358 947 1422; x_wconf 85' lang='lat' dir='ltr'><strong>ambitione</strong></span> <span class='ocrx_word' id='word_1_56' title='bbox 964 1356 1147 1420; x_wconf 89' lang='lat' dir='ltr'><strong>temeraria</strong></span> <span class='ocrx_word' id='word_1_57' title='bbox 1168 1374 1386 1438; x_wconf 90' lang='lat' dir='ltr'><strong>usurpamus.</strong></span> 
     </span>
     <span class='ocr_line' id='line_1_10' title="bbox 439 1453 1389 1539; baseline 0.002 -21"><span class='ocrx_word' id='word_1_58' title='bbox 439 1453 531 1519; x_wconf 89' lang='lat' dir='ltr'><strong>Nam</strong></span> <span class='ocrx_word' id='word_1_59' title='bbox 559 1462 594 1519; x_wconf 90' lang='lat' dir='ltr'><strong>ct</strong></span> <span class='ocrx_word' id='word_1_60' title='bbox 620 1457 657 1520; x_wconf 91' lang='lat' dir='ltr'><strong>in</strong></span> <span class='ocrx_word' id='word_1_61' title='bbox 684 1475 828 1539; x_wconf 90' lang='lat' dir='ltr'><strong>corpore</strong></span> <span class='ocrx_word' id='word_1_62' title='bbox 848 1457 1088 1533; x_wconf 89' lang='lat' dir='ltr'><strong>Decretorum,</strong></span> <span class='ocrx_word' id='word_1_63' title='bbox 1112 1462 1146 1520; x_wconf 92' lang='lat' dir='ltr'><strong>et</strong></span> <span class='ocrx_word' id='word_1_64' title='bbox 1165 1454 1202 1519; x_wconf 91' lang='lat' dir='ltr'><strong>in</strong></span> <span class='ocrx_word' id='word_1_65' title='bbox 1229 1455 1389 1537; x_wconf 86' lang='lat' dir='ltr'><strong>Epistola</strong></span> 
     </span>
     <span class='ocr_line' id='line_1_11' title="bbox 437 1553 1386 1636; baseline 0.003 -19"><span class='ocrx_word' id='word_1_66' title='bbox 437 1554 482 1620; x_wconf 88' lang='lat' dir='ltr'><strong>ad</strong></span> <span class='ocrx_word' id='word_1_67' title='bbox 516 1553 707 1632; x_wconf 88' lang='lat' dir='ltr'><strong>Romanos,</strong></span> <span class='ocrx_word' id='word_1_68' title='bbox 746 1555 821 1621; x_wconf 84' lang='lat' dir='ltr'><strong>haec</strong></span> <span class='ocrx_word' id='word_1_69' title='bbox 851 1556 957 1622; x_wconf 83' lang='lat' dir='ltr'><strong>verba</strong></span> <span class='ocrx_word' id='word_1_70' title='bbox 987 1555 1114 1636; x_wconf 85' lang='lat' dir='ltr'><strong>legisse</strong></span> <span class='ocrx_word' id='word_1_71' title='bbox 1146 1555 1386 1620; x_wconf 88' lang='lat' dir='ltr'><strong>meminimus:</strong></span> 
     </span>
     <span class='ocr_line' id='line_1_12' title="bbox 436 1653 1388 1737; baseline -0.001 -19"><span class='ocrx_word' id='word_1_72' title='bbox 436 1653 550 1719; x_wconf 85' lang='lat' dir='ltr'><strong>‘Sunt</strong></span> <span class='ocrx_word' id='word_1_73' title='bbox 572 1654 730 1737; x_wconf 85' lang='lat' dir='ltr'><strong>quaedam</strong></span> <span class='ocrx_word' id='word_1_74' title='bbox 751 1656 906 1720; x_wconf 90' lang='lat' dir='ltr'><strong>enormia</strong></span> <span class='ocrx_word' id='word_1_75' title='bbox 926 1655 1072 1736; x_wconf 85' lang='lat' dir='ltr'><strong>flagitia,</strong></span> <span class='ocrx_word' id='word_1_76' title='bbox 1093 1673 1172 1736; x_wconf 87' lang='lat' dir='ltr'><strong>quae</strong></span> <span class='ocrx_word' id='word_1_77' title='bbox 1194 1655 1311 1737; x_wconf 87' lang='lat' dir='ltr'><strong>potius</strong></span> <span class='ocrx_word' id='word_1_78' title='bbox 1327 1675 1388 1736; x_wconf 90' lang='lat' dir='ltr'><strong>per</strong></span> 
     </span>
     <span class='ocr_line' id='line_1_13' title="bbox 437 1753 1389 1838; baseline 0.004 -24"><span class='ocrx_word' id='word_1_79' title='bbox 437 1753 556 1816; x_wconf 88' lang='lat' dir='ltr'><strong>mundi</strong></span> <span class='ocrx_word' id='word_1_80' title='bbox 572 1753 722 1837; x_wconf 88' lang='lat' dir='ltr'><strong>judices,</strong></span> <span class='ocrx_word' id='word_1_81' title='bbox 742 1773 846 1836; x_wconf 88' lang='lat' dir='ltr'><strong>quam</strong></span> <span class='ocrx_word' id='word_1_82' title='bbox 867 1775 930 1838; x_wconf 88' lang='lat' dir='ltr'><strong>per</strong></span> <span class='ocrx_word' id='word_1_83' title='bbox 951 1761 1102 1819; x_wconf 89' lang='lat' dir='ltr'><strong>rectores</strong></span> <span class='ocrx_word' id='word_1_84' title='bbox 1124 1762 1159 1820; x_wconf 91' lang='lat' dir='ltr'><strong>et</strong></span> <span class='ocrx_word' id='word_1_85' title='bbox 1177 1754 1314 1838; x_wconf 87' lang='lat' dir='ltr'><strong>judices</strong></span> <span class='ocrx_word' id='word_1_86' title='bbox 1333 1773 1389 1818; x_wconf 88' lang='lat' dir='ltr'><strong>ec-</strong></span> 
     </span>
     <span class='ocr_line' id='line_1_14' title="bbox 437 1851 1390 1936; baseline 0.003 -22"><span class='ocrx_word' id='word_1_87' title='bbox 437 1851 629 1930; x_wconf 89' lang='lat' dir='ltr'><strong>clesiarum,</strong></span> <span class='ocrx_word' id='word_1_88' title='bbox 645 1853 864 1919; x_wconf 88' lang='lat' dir='ltr'><strong>vindicantur</strong></span> <span class='ocrx_word' id='word_1_89' title='bbox 877 1875 886 1936; x_wconf 84' lang='lat'>3</span> <span class='ocrx_word' id='word_1_90' title='bbox 909 1855 1000 1919; x_wconf 89' lang='lat' dir='ltr'><strong>sicut</strong></span> <span class='ocrx_word' id='word_1_91' title='bbox 1013 1861 1079 1932; x_wconf 88' lang='lat' dir='ltr'><strong>est,</strong></span> <span class='ocrx_word' id='word_1_92' title='bbox 1093 1872 1170 1918; x_wconf 87' lang='lat' dir='ltr'><strong>cum</strong></span> <span class='ocrx_word' id='word_1_93' title='bbox 1189 1853 1268 1936; x_wconf 88' lang='lat' dir='ltr'><strong>quis</strong></span> <span class='ocrx_word' id='word_1_94' title='bbox 1285 1853 1390 1917; x_wconf 88' lang='lat' dir='ltr'><strong>inter-</strong></span> 
     </span>
     <span class='ocr_line' id='line_1_15' title="bbox 437 1949 1388 2037; baseline 0.002 -23"><span class='ocrx_word' id='word_1_95' title='bbox 437 1949 509 2016; x_wconf 88' lang='lat' dir='ltr'><strong>ficit</strong></span> <span class='ocrx_word' id='word_1_96' title='bbox 524 1952 721 2034; x_wconf 89' lang='lat' dir='ltr'><strong>pontificem</strong></span> <span class='ocrx_word' id='word_1_97' title='bbox 737 1961 799 2017; x_wconf 91' lang='lat' dir='ltr'><strong>aut</strong></span> <span class='ocrx_word' id='word_1_98' title='bbox 815 1955 1065 2036; x_wconf 88' lang='lat' dir='ltr'><strong>presbyterum,</strong></span> <span class='ocrx_word' id='word_1_99' title='bbox 1090 1952 1288 2037; x_wconf 91' lang='lat' dir='ltr'><strong>hujusmodi</strong></span> <span class='ocrx_word' id='word_1_100' title='bbox 1309 1973 1388 2018; x_wconf 90' lang='lat' dir='ltr'><strong>reos</strong></span> 
     </span>
     <span class='ocr_line' id='line_1_16' title="bbox 436 2052 1387 2136; baseline 0.003 -23"><span class='ocrx_word' id='word_1_101' title='bbox 436 2069 537 2132; x_wconf 81' lang='lat' dir='ltr'><strong>reges</strong></span> <span class='ocrx_word' id='word_1_102' title='bbox 555 2058 591 2115; x_wconf 90' lang='lat' dir='ltr'><strong>et</strong></span> <span class='ocrx_word' id='word_1_103' title='bbox 605 2052 776 2136; x_wconf 89' lang='lat' dir='ltr'><strong>principes</strong></span> <span class='ocrx_word' id='word_1_104' title='bbox 792 2053 909 2117; x_wconf 90' lang='lat' dir='ltr'><strong>mnndi</strong></span> <span class='ocrx_word' id='word_1_105' title='bbox 924 2052 1114 2117; x_wconf 89' lang='lat' dir='ltr'><strong>damnant.&#39;</strong></span> <span class='ocrx_word' id='word_1_106' title='bbox 1154 2052 1276 2116; x_wconf 88' lang='lat' dir='ltr'><strong>Omnis</strong></span> <span class='ocrx_word' id='word_1_107' title='bbox 1294 2053 1387 2135; x_wconf 90' lang='lat' dir='ltr'><strong>equi-</strong></span> 
     </span>
     <span class='ocr_line' id='line_1_17' title="bbox 436 2144 1387 2233; baseline 0.003 -21"><span class='ocrx_word' id='word_1_108' title='bbox 436 2149 515 2213; x_wconf 92' lang='lat' dir='ltr'><strong>dem</strong></span> <span class='ocrx_word' id='word_1_109' title='bbox 539 2149 679 2233; x_wconf 89' lang='lat' dir='ltr'><strong>justitia</strong></span> <span class='ocrx_word' id='word_1_110' title='bbox 709 2152 787 2216; x_wconf 90' lang='lat' dir='ltr'><strong>ideo</strong></span> <span class='ocrx_word' id='word_1_111' title='bbox 813 2159 1006 2229; x_wconf 84' lang='lat' dir='ltr'><strong>exercetur,</strong></span> <span class='ocrx_word' id='word_1_112' title='bbox 1037 2159 1077 2216; x_wconf 92' lang='lat' dir='ltr'><strong>nt</strong></span> <span class='ocrx_word' id='word_1_113' title='bbox 1105 2152 1222 2216; x_wconf 91' lang='lat' dir='ltr'><strong>debita</strong></span> <span class='ocrx_word' id='word_1_114' title='bbox 1249 2144 1387 2233; x_wconf 78' lang='lat' dir='ltr'><strong>²quiete</strong></span> 
     </span>
     <span class='ocr_line' id='line_1_18' title="bbox 436 2249 1387 2334; baseline 0.003 -21"><span class='ocrx_word' id='word_1_115' title='bbox 436 2249 588 2330; x_wconf 76' lang='lat' dir='ltr'><strong>gaudeat</strong></span> <span class='ocrx_word' id='word_1_116' title='bbox 615 2251 826 2330; x_wconf 90' lang='lat' dir='ltr'><strong>innocentia,</strong></span> <span class='ocrx_word' id='word_1_117' title='bbox 857 2260 892 2316; x_wconf 92' lang='lat' dir='ltr'><strong>et</strong></span> <span class='ocrx_word' id='word_1_118' title='bbox 920 2251 1183 2334; x_wconf 80' lang='lat' dir='ltr'><strong>malignantium</strong></span> <span class='ocrx_word' id='word_1_119' title='bbox 1209 2252 1387 2316; x_wconf 88' lang='lat' dir='ltr'><strong>temeritas</strong></span> 
     </span>
     <span class='ocr_line' id='line_1_19' title="bbox 435 2348 1388 2434; baseline 0.004 -24"><span class='ocrx_word' id='word_1_120' title='bbox 435 2348 636 2415; x_wconf 85' lang='lat' dir='ltr'><strong>refrenetur.</strong></span> <span class='ocrx_word' id='word_1_121' title='bbox 677 2350 915 2416; x_wconf 87' lang='lat' dir='ltr'><strong>Veruntamen</strong></span> <span class='ocrx_word' id='word_1_122' title='bbox 928 2350 963 2414; x_wconf 92' lang='lat' dir='ltr'><strong>in</strong></span> <span class='ocrx_word' id='word_1_123' title='bbox 982 2351 1048 2414; x_wconf 91' lang='lat' dir='ltr'><strong>hac</strong></span> <span class='ocrx_word' id='word_1_124' title='bbox 1061 2350 1301 2434; x_wconf 88' lang='lat' dir='ltr'><strong>jurisdictione</strong></span> <span class='ocrx_word' id='word_1_125' title='bbox 1317 2371 1388 2414; x_wconf 91' lang='lat' dir='ltr'><strong>ma·</strong></span> 
     </span>
     <span class='ocr_line' id='line_1_20' title="bbox 436 2447 1389 2534; baseline 0.004 -24"><span class='ocrx_word' id='word_1_126' title='bbox 436 2447 574 2527; x_wconf 90' lang='lat' dir='ltr'><strong>ledicta,</strong></span> <span class='ocrx_word' id='word_1_127' title='bbox 595 2470 700 2533; x_wconf 89' lang='lat' dir='ltr'><strong>quam</strong></span> <span class='ocrx_word' id='word_1_128' title='bbox 719 2451 900 2515; x_wconf 88' lang='lat' dir='ltr'><strong>ambitiose</strong></span> <span class='ocrx_word' id='word_1_129' title='bbox 919 2458 954 2514; x_wconf 92' lang='lat' dir='ltr'><strong>et</strong></span> <span class='ocrx_word' id='word_1_130' title='bbox 968 2451 1115 2533; x_wconf 86' lang='lat' dir='ltr'><strong>superbe</strong></span> <span class='ocrx_word' id='word_1_131' title='bbox 1135 2450 1389 2534; x_wconf 85' lang='lat' dir='ltr'><strong>praesumimus,</strong></span> 
     </span>
     <span class='ocr_line' id='line_1_21' title="bbox 437 2540 1389 2631; baseline 0.001 -20"><span class='ocrx_word' id='word_1_132' title='bbox 437 2540 628 2614; x_wconf 81' lang='lat' dir='ltr'><strong>³etD1tuu</strong></span> <span class='ocrx_word' id='word_1_133' title='bbox 652 2549 855 2615; x_wconf 86' lang='lat' dir='ltr'><strong>offendimus</strong></span> <span class='ocrx_word' id='word_1_134' title='bbox 881 2558 916 2615; x_wconf 90' lang='lat' dir='ltr'><strong>et</strong></span> <span class='ocrx_word' id='word_1_135' title='bbox 940 2550 1115 2613; x_wconf 89' lang='lat' dir='ltr'><strong>dominum</strong></span> <span class='ocrx_word' id='word_1_136' title='bbox 1135 2569 1263 2631; x_wconf 81' lang='lat' dir='ltr'><strong>regem,</strong></span> <span class='ocrx_word' id='word_1_137' title='bbox 1278 2551 1389 2613; x_wconf 89' lang='lat' dir='ltr'><strong>viam·</strong></span> 
     </span>
     <span class='ocr_line' id='line_1_22' title="bbox 436 2648 1388 2732; baseline 0.002 -21"><span class='ocrx_word' id='word_1_138' title='bbox 436 2666 504 2730; x_wconf 88' lang='lat' dir='ltr'><strong>que</strong></span> <span class='ocrx_word' id='word_1_139' title='bbox 521 2649 557 2711; x_wconf 93' lang='lat' dir='ltr'><strong>in</strong></span> <span class='ocrx_word' id='word_1_140' title='bbox 576 2649 719 2712; x_wconf 90' lang='lat' dir='ltr'><strong>clericos</strong></span> <span class='ocrx_word' id='word_1_141' title='bbox 738 2648 953 2731; x_wconf 82' lang='lat' dir='ltr'><strong>malignandi</strong></span> <span class='ocrx_word' id='word_1_142' title='bbox 968 2649 1176 2713; x_wconf 90' lang='lat' dir='ltr'><strong>tutissimam</strong></span> <span class='ocrx_word' id='word_1_143' title='bbox 1193 2649 1291 2713; x_wconf 90' lang='lat' dir='ltr'><strong>laicis</strong></span> <span class='ocrx_word' id='word_1_144' title='bbox 1307 2669 1388 2732; x_wconf 90' lang='lat' dir='ltr'><strong>ape-</strong></span> 
     </span>
     <span class='ocr_line' id='line_1_23' title="bbox 436 2746 1387 2831; baseline 0.004 -23"><span class='ocrx_word' id='word_1_145' title='bbox 436 2746 554 2811; x_wconf 91' lang='lat' dir='ltr'><strong>rimus.</strong></span> <span class='ocrx_word' id='word_1_146' title='bbox 602 2747 725 2831; x_wconf 91' lang='lat' dir='ltr'><strong>Nuper</strong></span> <span class='ocrx_word' id='word_1_147' title='bbox 739 2749 832 2831; x_wconf 92' lang='lat' dir='ltr'><strong>apud</strong></span> <span class='ocrx_word' id='word_1_148' title='bbox 847 2749 1061 2814; x_wconf 88' lang='lat' dir='ltr'><strong>Wintoniam</strong></span> <span class='ocrx_word' id='word_1_149' title='bbox 1078 2748 1239 2813; x_wconf 88' lang='lat' dir='ltr'><strong>sacerdos</strong></span> <span class='ocrx_word' id='word_1_150' title='bbox 1254 2749 1387 2813; x_wconf 89' lang='lat' dir='ltr'><strong>littera-</strong></span> 
     </span>
     <span class='ocr_line' id='line_1_24' title="bbox 437 2847 1387 2925; baseline 0.005 -17"><span class='ocrx_word' id='word_1_151' title='bbox 437 2851 526 2909; x_wconf 90' lang='lat' dir='ltr'><strong>turae</strong></span> <span class='ocrx_word' id='word_1_152' title='bbox 552 2847 845 2925; x_wconf 89' lang='lat' dir='ltr'><strong>commendabilis,</strong></span> <span class='ocrx_word' id='word_1_153' title='bbox 868 2855 903 2912; x_wconf 92' lang='lat' dir='ltr'><strong>et</strong></span> <span class='ocrx_word' id='word_1_154' title='bbox 927 2848 1201 2913; x_wconf 86' lang='lat' dir='ltr'><strong>conversationis</strong></span> <span class='ocrx_word' id='word_1_155' title='bbox 1219 2847 1387 2924; x_wconf 87' lang='lat' dir='ltr'><strong>honestae,</strong></span> 
     </span>
     <span class='ocr_line' id='line_1_25' title="bbox 438 2940 1390 3013; baseline 0.004 -7"><span class='ocrx_word' id='word_1_156' title='bbox 438 2944 609 3010; x_wconf 88' lang='lat' dir='ltr'><strong>malitiose</strong></span> <span class='ocrx_word' id='word_1_157' title='bbox 637 2945 772 3011; x_wconf 91' lang='lat' dir='ltr'><strong>occisus</strong></span> <span class='ocrx_word' id='word_1_158' title='bbox 803 2954 858 3012; x_wconf 90' lang='lat' dir='ltr'><strong>est</strong></span> <span class='ocrx_word' id='word_1_159' title='bbox 886 2966 908 3011; x_wconf 91' lang='lat' dir='ltr'><strong>a</strong></span> <span class='ocrx_word' id='word_1_160' title='bbox 936 2947 1113 3011; x_wconf 88' lang='lat' dir='ltr'><strong>Willelmo</strong></span> <span class='ocrx_word' id='word_1_161' title='bbox 1141 2940 1326 3013; x_wconf 74' lang='lat' dir='ltr'><strong>*Freschet</strong></span> <span class='ocrx_word' id='word_1_162' title='bbox 1353 2953 1390 3012; x_wconf 92' lang='lat' dir='ltr'><strong>et</strong></span> 
     </span>
     <span class='ocr_line' id='line_1_26' title="bbox 437 3039 1387 3127; baseline 0.004 -19"><span class='ocrx_word' id='word_1_163' title='bbox 437 3061 548 3108; x_wconf 86' lang='lat' dir='ltr'><strong>uxore</strong></span> <span class='ocrx_word' id='word_1_164' title='bbox 585 3043 661 3127; x_wconf 88' lang='lat' dir='ltr'><strong>ejus</strong></span> <span class='ocrx_word' id='word_1_165' title='bbox 670 3039 686 3125; x_wconf 80' lang='lat'><strong>&#39;3</strong></span> <span class='ocrx_word' id='word_1_166' title='bbox 730 3065 793 3112; x_wconf 88' lang='lat' dir='ltr'><strong>nec</strong></span> <span class='ocrx_word' id='word_1_167' title='bbox 836 3047 889 3110; x_wconf 91' lang='lat' dir='ltr'><strong>illi</strong></span> <span class='ocrx_word' id='word_1_168' title='bbox 936 3046 1141 3111; x_wconf 87' lang='lat' dir='ltr'><strong>maleficium</strong></span> <span class='ocrx_word' id='word_1_169' title='bbox 1190 3045 1387 3112; x_wconf 89' lang='lat' dir='ltr'><strong>diffitentur.</strong></span> 
     </span>
     <span class='ocr_line' id='line_1_27' title="bbox 439 3139 1388 3228; baseline 0.005 -24"><span class='ocrx_word' id='word_1_170' title='bbox 439 3139 598 3225; x_wconf 90' lang='lat' dir='ltr'><strong>Prompti</strong></span> <span class='ocrx_word' id='word_1_171' title='bbox 617 3150 701 3208; x_wconf 90' lang='lat' dir='ltr'><strong>suut</strong></span> <span class='ocrx_word' id='word_1_172' title='bbox 713 3164 797 3228; x_wconf 80' lang='lat' dir='ltr'><strong>ergo</strong></span> <span class='ocrx_word' id='word_1_173' title='bbox 813 3146 944 3210; x_wconf 90' lang='lat' dir='ltr'><strong>curiam</strong></span> <span class='ocrx_word' id='word_1_174' title='bbox 958 3145 1054 3210; x_wconf 86' lang='lat' dir='ltr'><strong>adire</strong></span> <span class='ocrx_word' id='word_1_175' title='bbox 1068 3145 1283 3226; x_wconf 68' lang='lat' dir='ltr'><strong>Romanam</strong></span> <span class='ocrx_word' id='word_1_176' title='bbox 1307 3165 1388 3209; x_wconf 92' lang='lat' dir='ltr'><strong>nam</strong></span> 
     </span>
     <span class='ocr_line' id='line_1_28' title="bbox 438 3241 1388 3328; baseline 0.006 -25"><span class='ocrx_word' id='word_1_177' title='bbox 438 3241 579 3306; x_wconf 88' lang='lat' dir='ltr'><strong>confidit</strong></span> <span class='ocrx_word' id='word_1_178' title='bbox 605 3243 642 3305; x_wconf 92' lang='lat' dir='ltr'><strong>in</strong></span> <span class='ocrx_word' id='word_1_179' title='bbox 669 3263 711 3308; x_wconf 88' lang='lat' dir='ltr'><strong>ea</strong></span> <span class='ocrx_word' id='word_1_180' title='bbox 739 3263 799 3309; x_wconf 91' lang='lat' dir='ltr'><strong>cor</strong></span> <span class='ocrx_word' id='word_1_181' title='bbox 822 3245 889 3309; x_wconf 87' lang='lat' dir='ltr'><strong>viri</strong></span> <span class='ocrx_word' id='word_1_182' title='bbox 916 3245 982 3323; x_wconf 87' lang='lat' dir='ltr'><strong>sui,</strong></span> <span class='ocrx_word' id='word_1_183' title='bbox 1008 3252 1112 3328; x_wconf 90' lang='lat' dir='ltr'><strong>atque</strong></span> <span class='ocrx_word' id='word_1_184' title='bbox 1143 3245 1180 3309; x_wconf 91' lang='lat' dir='ltr'><strong>in</strong></span> <span class='ocrx_word' id='word_1_185' title='bbox 1207 3244 1322 3327; x_wconf 89' lang='lat' dir='ltr'><strong>specie</strong></span> <span class='ocrx_word' id='word_1_186' title='bbox 1351 3252 1388 3309; x_wconf 89' lang='lat' dir='ltr'><strong>et</strong></span> 
     </span>
     <span class='ocr_line' id='line_1_29' title="bbox 437 3340 1390 3427; baseline 0.004 -23"><span class='ocrx_word' id='word_1_187' title='bbox 437 3340 667 3422; x_wconf 90' lang='lat' dir='ltr'><strong>pulcritudine</strong></span> <span class='ocrx_word' id='word_1_188' title='bbox 691 3361 756 3407; x_wconf 91' lang='lat' dir='ltr'><strong>sua</strong></span> <span class='ocrx_word' id='word_1_189' title='bbox 779 3344 929 3410; x_wconf 90' lang='lat' dir='ltr'><strong>intendit</strong></span> <span class='ocrx_word' id='word_1_190' title='bbox 945 3363 1109 3427; x_wconf 88' lang='lat' dir='ltr'><strong>prospere</strong></span> <span class='ocrx_word' id='word_1_191' title='bbox 1130 3344 1328 3427; x_wconf 87' lang='lat' dir='ltr'><strong>procedere,</strong></span> <span class='ocrx_word' id='word_1_192' title='bbox 1353 3351 1390 3408; x_wconf 91' lang='lat' dir='ltr'><strong>et</strong></span> 
     </span>
     <span class='ocr_line' id='line_1_30' title="bbox 437 3437 1390 3526; baseline 0.003 -23"><span class='ocrx_word' id='word_1_193' title='bbox 437 3437 480 3504; x_wconf 90' lang='lat' dir='ltr'><strong>de</strong></span> <span class='ocrx_word' id='word_1_194' title='bbox 504 3440 676 3505; x_wconf 87' lang='lat' dir='ltr'><strong>lenocinio</strong></span> <span class='ocrx_word' id='word_1_195' title='bbox 702 3442 823 3507; x_wconf 85' lang='lat' dir='ltr'><strong>uxoris</strong></span> <span class='ocrx_word' id='word_1_196' title='bbox 848 3445 885 3506; x_wconf 90' lang='lat' dir='ltr'><strong>in</strong></span> <span class='ocrx_word' id='word_1_197' title='bbox 908 3444 980 3521; x_wconf 87' lang='lat' dir='ltr'><strong>via,</strong></span> <span class='ocrx_word' id='word_1_198' title='bbox 1010 3451 1137 3526; x_wconf 88' lang='lat' dir='ltr'><strong>praeter</strong></span> <span class='ocrx_word' id='word_1_199' title='bbox 1162 3443 1390 3508; x_wconf 89' lang='lat' dir='ltr'><strong>absolutionis</strong></span> 
     </span>
     <span class='ocr_line' id='line_1_31' title="bbox 436 3539 1391 3627; baseline 0.003 -26"><span class='ocrx_word' id='word_1_200' title='bbox 436 3539 651 3617; x_wconf 88' lang='lat' dir='ltr'><strong>beneficium,</strong></span> <span class='ocrx_word' id='word_1_201' title='bbox 681 3539 814 3607; x_wconf 85' lang='lat' dir='ltr'><strong>fructus</strong></span> <span class='ocrx_word' id='word_1_202' title='bbox 847 3542 1016 3608; x_wconf 89' lang='lat' dir='ltr'><strong>uberioris</strong></span> <span class='ocrx_word' id='word_1_203' title='bbox 1049 3541 1244 3627; x_wconf 90' lang='lat' dir='ltr'><strong>manipulos</strong></span> <span class='ocrx_word' id='word_1_204' title='bbox 1274 3560 1391 3626; x_wconf 89' lang='lat' dir='ltr'><strong>repor-</strong></span> 
     </span>
     <span class='ocr_line' id='line_1_32' title="bbox 436 3643 523 3703; baseline 0.023 -2"><span class='ocrx_word' id='word_1_205' title='bbox 436 3643 523 3703; x_wconf 84' lang='lat' dir='ltr'><strong>tare.</strong></span> 
     </span>
     <span class='ocr_line' id='line_1_33' title="bbox 486 3735 1390 3824; baseline 0.003 -23"><span class='ocrx_word' id='word_1_206' title='bbox 486 3735 585 3802; x_wconf 85' lang='lat' dir='ltr'><strong>‘Vos</strong></span> <span class='ocrx_word' id='word_1_207' title='bbox 611 3757 707 3820; x_wconf 83' lang='lat' dir='ltr'><strong>crgo,</strong></span> <span class='ocrx_word' id='word_1_208' title='bbox 734 3739 949 3807; x_wconf 87' lang='lat' dir='ltr'><strong>dilectissimi</strong></span> <span class='ocrx_word' id='word_1_209' title='bbox 974 3741 1111 3820; x_wconf 88' lang='lat' dir='ltr'><strong>fratres,</strong></span> <span class='ocrx_word' id='word_1_210' title='bbox 1137 3740 1217 3805; x_wconf 90' lang='lat' dir='ltr'><strong>huic</strong></span> <span class='ocrx_word' id='word_1_211' title='bbox 1241 3740 1390 3824; x_wconf 88' lang='lat' dir='ltr'><strong>publicae</strong></span> 
     </span>
     <span class='ocr_line' id='line_1_34' title="bbox 436 3836 1390 3918; baseline 0.005 -19"><span class='ocrx_word' id='word_1_212' title='bbox 436 3836 539 3917; x_wconf 89' lang='lat' dir='ltr'><strong>pesti,</strong></span> <span class='ocrx_word' id='word_1_213' title='bbox 563 3836 702 3900; x_wconf 89' lang='lat' dir='ltr'><strong>durnin</strong></span> <span class='ocrx_word' id='word_1_214' title='bbox 725 3857 789 3903; x_wconf 91' lang='lat' dir='ltr'><strong>suo</strong></span> <span class='ocrx_word' id='word_1_215' title='bbox 814 3859 919 3905; x_wconf 89' lang='lat' dir='ltr'><strong>cursu</strong></span> <span class='ocrx_word' id='word_1_216' title='bbox 941 3847 1007 3918; x_wconf 91' lang='lat' dir='ltr'><strong>est,</strong></span> <span class='ocrx_word' id='word_1_217' title='bbox 1035 3840 1230 3904; x_wconf 88' lang='lat' dir='ltr'><strong>maturiore</strong></span> <span class='ocrx_word' id='word_1_218' title='bbox 1245 3839 1390 3904; x_wconf 90' lang='lat' dir='ltr'><strong>consilio</strong></span> 
     </span>
     <span class='ocr_line' id='line_1_35' title="bbox 437 3935 1389 4022; baseline 0.006 -24"><span class='ocrx_word' id='word_1_219' title='bbox 437 3935 608 4000; x_wconf 86' lang='lat' dir='ltr'><strong>studeatis</strong></span> <span class='ocrx_word' id='word_1_220' title='bbox 630 3956 832 4016; x_wconf 88' lang='lat' dir='ltr'><strong>occurrere;</strong></span> <span class='ocrx_word' id='word_1_221' title='bbox 867 3959 946 4003; x_wconf 92' lang='lat' dir='ltr'><strong>nam</strong></span> <span class='ocrx_word' id='word_1_222' title='bbox 972 3941 1002 4003; x_wconf 91' lang='lat' dir='ltr'><strong>si</strong></span> <span class='ocrx_word' id='word_1_223' title='bbox 1025 3940 1165 4004; x_wconf 88' lang='lat' dir='ltr'><strong>liberius</strong></span> <span class='ocrx_word' id='word_1_224' title='bbox 1192 3939 1389 4022; x_wconf 88' lang='lat' dir='ltr'><strong>aliquantu·</strong></span> 
     </span>
    </p>
   </div>
   <div class='ocr_carea' id='block_1_3' title="bbox 472 4129 1389 4342">
    <p class='ocr_par' dir='ltr' id='par_1_3' title="bbox 472 4129 1389 4342">
     <span class='ocr_line' id='line_1_36' title="bbox 472 4129 1389 4222; baseline 0.01 -40"><span class='ocrx_word' id='word_1_225' title='bbox 472 4129 508 4162; x_wconf 82' lang='lat'><strong>¹⁴</strong></span> <span class='ocrx_word' id='word_1_226' title='bbox 515 4132 675 4184; x_wconf 84' lang='lat' dir='ltr'><strong>bis&#39;ist&#39;rom</strong></span> <span class='ocrx_word' id='word_1_227' title='bbox 686 4136 726 4186; x_wconf 84' lang='lat' dir='ltr'><strong>M.</strong></span> <span class='ocrx_word' id='word_1_228' title='bbox 961 4136 1031 4222; x_wconf 71' lang='lat' dir='ltr'><strong>³‘et</strong></span> <span class='ocrx_word' id='word_1_229' title='bbox 1043 4135 1389 4221; x_wconf 65' lang='lat' dir='ltr'><strong>peuuoffendimuset&#39;me</strong></span> 
     </span>
     <span class='ocr_line' id='line_1_37' title="bbox 472 4203 1231 4342; baseline 0.011 -21"><span class='ocrx_word' id='word_1_230' title='bbox 472 4269 483 4301; x_wconf 75' lang='lat'><strong>³</strong></span> <span class='ocrx_word' id='word_1_231' title='bbox 497 4272 627 4335; x_wconf 76' lang='lat' dir='ltr'><strong>‘equitate</strong></span> <span class='ocrx_word' id='word_1_232' title='bbox 637 4269 653 4334; x_wconf 83' lang='lat'><strong>;’</strong></span> <span class='ocrx_word' id='word_1_233' title='bbox 670 4273 716 4325; x_wconf 75' lang='lat' dir='ltr'><strong>Ar.</strong></span> <span class='ocrx_word' id='word_1_234' title='bbox 926 4203 1154 4342; x_wconf 46' lang='lat' dir='ltr'><strong>wanbfflrcgss</strong></span> <span class='ocrx_word' id='word_1_235' title='bbox 1163 4274 1231 4328; x_wconf 75' lang='grc' dir='ltr'><strong>ΠΛ.</strong></span> 
     </span>
    </p>
   </div>
   <div class='ocr_carea' id='block_1_4' title="bbox 0 0 1606 5028">
    <p class='ocr_par' dir='ltr' id='par_1_4' title="bbox 0 0 1606 5028">
     <span class='ocr_line' id='line_1_38' title="bbox 0 0 1606 5028; baseline 0 0"><span class='ocrx_word' id='word_1_236' title='bbox 0 0 1606 5028; x_wconf 95' lang='lat' dir='ltr'><strong> </strong></span> 
     </span>
    </p>
   </div>
  </div>
 </body>
</html>
