3252 5026
637 499 821 548 surianus
1142 489 1207 552 155

252 656 424 721 Ricardus
444 663 560 720 autem
578 677 653 735 rex,
676 658 797 722 ablata
813 677 1015 741 recuperare
1030 666 1206 742 satagens,

252 764 403 822 castrum
423 757 516 839 cepit
539 758 631 840 quod
655 751 784 822 ¹Locas
800 766 939 835 vocant,
962 759 1207 844 civitatemque

253 856 417 933 Turonis,
442 856 523 920 inde
554 857 735 940 expellens
764 859 961 936 canonicos,
990 860 1064 941 regi
1095 860 1205 924 Fran·

254 976 373 1022 corum
389 955 566 1034 faventes3
591 958 684 1040 cepit
705 965 741 1022 et
763 958 1009 1041 Taleburgum‚
1028 966 1207 1043 totamque

254 1063 380 1120 terram
421 1056 556 1120 comitis
595 1057 878 1138 Engolismensis.
950 1058 1084 1140 Regem
1124 1079 1206 1125 vero

254 1155 467 1220 Francorum
484 1155 695 1240 Philippum,
713 1151 926 1222 ²Vindocino
949 1177 1026 1223 cum
1050 1160 1206 1224 exercitu

254 1257 602 1339 appropinquantem,
620 1257 789 1322 exterruit
806 1265 842 1322 et
857 1257 1003 1339 fugavit.

272 1475 298 1511 D.
311 1474 336 1510 N.
347 1474 367 1510 J.
378 1474 403 1510 0·
499 1473 522 1511 P.
536 1474 698 1510 Romsuonum
712 1475 737 1510 R.
851 1475 1004 1510 tusscorum
1044 1475 1184 1510 suetonum

1034 1529 1197 1542 -——....

296 1559 387 1596 mcxcv.
431 1560 565 1596 omissum
576 1560 616 1596 111.
649 1559 753 1596 unumcr
764 1561 800 1596 v1.
851 1561 959 1596 ramam
972 1561 1000 1598 11.
1045 1561 1151 1597 arolam
1163 1562 1181 1598 1.

509 1620 534 1666 4.
697 1621 722 1666 4.
734 1622 759 1666 5.
906 1621 947 1666 14.
1100 1622 1125 1668 6.

301 1757 522 1836 Hermus,
537 1757 814 1840 archiepiscopus
827 1758 1098 1837 cantuariensis
1110 1759 1203 1840 lega·
1216 1776 1291 1818 uuor

250 1858 355 1922 tionis
383 1875 456 1922 suae
480 1864 686 1941 potestatem
719 1859 918 1941 procuravit
943 1878 1047 1942 super
1074 1859 1203 1923 clerum

252 1958 477 2022 Eboraccnsis
509 1958 696 2041 provinciae
724 1957 874 2022 dilatari.
927 1958 1099 2022 Ricardus
1126 1979 1202 2037 rex,

250 2059 343 2122 circa
373 2058 667 2140 recuperationem
691 2057 902 2140 perditorum
925 2058 1100 2136 insistens
1126 2077 1202 2122 cas·
1277 2133 1280 2142 ¹

250 2164 341 2221 trum
375 2150 565 2221 ³Virsionis
596 2158 687 2240 oepit
718 2158 755 2220 in
788 2175 879 2240 pago
913 2157 1135 2235 Bituricensi,
1166 2166 1202 2223 et

249 2257 420 2340 usquead
437 2258 548 2321 solum
565 2257 701 2321 evertit.
754 2255 935 2339 Philippus
954 2265 1071 2322 autem
1092 2258 1202 2320 Fran-

250 2376 368 2421 corum
401 2376 464 2420 rex
497 2354 794 2420 Albam-Mariam
829 2357 922 2438 cepit
951 2364 987 2420 ct
1015 2357 1200 2434 destruxit,

1216 1833 1296 1868 events.

250 2464 471 2539 castrumque
493 2455 584 2538 quod
602 2450 844 2521 *Novencuria
860 2455 1067 2538 appellatur.
1120 2456 1201 2521 Hoc

249 2575 341 2621 anne
362 2575 425 2620 rex
447 2555 620 2619 Ricardus
645 2555 745 2619 fratri
764 2575 827 2619 suo
850 2555 1000 2619 restituit
1016 2555 1201 2619 comitatus

250 2654 449 2720 Moritoniac
465 2656 501 2718 in
516 2654 731 2719 Normannia
747 2662 782 2720 ct
795 2653 994 2719 Gloverniae
1008 2655 1044 2718 in
1058 2652 1203 2737 Anglia,
1231 2721 1234 2726 ,

249 2774 326 2819 cum
345 2753 474 2819 honore
491 2754 534 2818 de
551 2749 675 2832 ⁵Heia,
693 2754 780 2818 dans
799 2755 832 2818 ei
848 2755 1025 2819 annuatim
1049 2774 1112 2837 pro
1131 2762 1201 2819 ter·

249 2855 297 2918 ris
329 2855 402 2919 suis
428 2854 574 2918 residuis
606 2861 685 2918 octo
715 2854 824 2917 millia
847 2854 1011 2918 librarum
1040 2852 1202 2936 Andaga-

249 2955 364 3019 vensis
393 2960 553 3018 monetae.
606 2953 711 3038 Soror
738 2953 891 3037 Philippi
923 2953 1014 3036 regis
1051 2954 1202 3018 Franco-

249 3073 336 3131 rum,
369 3072 471 3136 quam
508 3053 749 3136 repudiaverat
782 3073 845 3117 rex
872 3053 1058 3131 Ricardus,
1084 3055 1200 3118 comiti

245 3146 401 3218 ⁶Pontivi
418 3153 656 3234 desponsatur.
695 3152 776 3217 Hoc
794 3173 884 3217 anno
901 3154 1089 3237 imperator
1104 3151 1199 3217 Hen-

248 3253 339 3316 rieus
372 3259 483 3316 totum
513 3271 658 3333 regnum
689 3251 828 3334 Apuliae
855 3252 1067 3336 subjugavit,
1094 3253 1199 3333 pluri-

246 3371 390 3436 mosque
408 3352 473 3415 sibi
488 3350 633 3415 rebelles
650 3350 795 3416 diversis
811 3352 924 3433 poenis
940 3351 1065 3415 affecit.
1104 3350 1199 3416 Tan·

246 3451 387 3515 oredum
415 3470 509 3528 vero,
536 3450 644 3514 filium
676 3450 846 3515 Tancredi
871 3451 961 3532 regis
993 3449 1199 3529 Siculorum,

245 3570 322 3615 cum
340 3557 530 3614 matresua
547 3550 762 3632 Margareta,
780 3569 821 3612 ac
838 3569 954 3632 regem
978 3549 1199 3632 Epirotarum

215 3669 218 3675 ·
245 3669 361 3714 secum
387 3649 489 3714 duxit
516 3649 552 3712 in
578 3649 820 3714 Alemanniam
848 3650 1016 3731 captivos.
1070 3649 1199 3714 Divor·

242 3750 330 3814 tium
347 3751 437 3813 inter
455 3748 656 3832 Philippum
679 3769 794 3831 regem
819 3748 1029 3815 Francorum
1053 3755 1088 3813 et
1105 3768 1197 3813 soro

278 3993 374 4045 ¹Now
384 3996 493 4046 Laches.
770 3993 970 4058 ⁴‘Novencia3'
983 3999 1112 4058 M.,etAr.

278 4063 288 4093 ¹
305 4066 463 4115 ‘Vindecino
472 4066 489 4127 ;'
501 4067 562 4116 Coc.
572 4068 637 4128 Reg.

277 4133 391 4184 8ΗιιΙΙέ
403 4136 582 4186 emendation:
601 4137 708 4186 ‘Jusso-
768 4133 1036 4200 ⁶‘Eya;'M.etAr.

237 4201 301 4267 'nim’
312 4207 364 4255 M.:
381 4206 545 4266 ‘Vissioni53'
564 4208 706 4270 Cod.Reg.:

241 4275 386 4325 ‘Jussionis
394 4270 408 4334 ;'
420 4275 467 4324 Ar.
767 4273 778 4304 ⁶
794 4276 923 4325 ‘Pontinii
933 4272 949 4335 ;'
962 4277 1000 4326 Μ.
1013 4276 1091 4327 etAr.
