3180 5026
583 497 762 546 Anninus.
1130 485 1152 548 3

197 655 381 718 comitibus
397 674 494 718 suam
516 661 697 718 traxerunt
715 654 894 735 originem,
917 673 1061 737 quorum
1083 657 1152 739 pri-

196 773 274 816 mus
290 761 366 818 erat
385 753 561 818 Henricus
581 752 764 829 secundus,
778 753 885 836 juxta
899 755 1150 819 successionem

195 860 389 935 temporum
413 852 457 915 ad
482 859 636 916 nostram
663 859 801 916 aetatem
825 853 1021 916 curavimus
1043 873 1150 919 anno-

197 959 285 1015 tare.
342 950 552 1033 Quanquam
584 957 700 1014 autem
731 951 823 1016 circa
855 969 911 1014 res
944 948 1149 1033 Anglicanae

196 1049 311 1130 gentis
331 1049 567 1132 principaliter
584 1055 705 1112 nostra
726 1055 883 1113 versetur
899 1049 1058 1128 intentio,
1080 1051 1150 1116 Ro-

197 1166 378 1211 manorum
418 1156 532 1212 tamen
575 1147 775 1230 pontificum
814 1165 855 1210 ac
890 1147 1149 1230 imperatorum,

197 1263 387 1328 regumque
425 1247 650 1322 Francorum,
681 1245 965 1328 quorundamque
1003 1247 1149 1312 aliorum

197 1345 353 1430 praefatis
377 1352 741 1428 contemporaneorum
765 1345 904 1425 regibus
927 1352 1007 1409 acta
1021 1365 1150 1412 memo-

196 1444 333 1521 rabilia,
362 1463 440 1526 qnae
468 1443 512 1507 ad
538 1451 692 1509 nostram
725 1451 957 1526 pervenerunt
980 1444 1151 1521 notitiam,

198 1549 382 1607 annectere
411 1562 480 1607 non
512 1543 702 1619 omisimus,
731 1541 902 1608 communi
932 1543 1150 1609 intendentes

198 1663 261 1726 per
277 1641 343 1706 hoc
360 1642 503 1706 utilitati
514 1641 662 1725 amplius
678 1641 864 1706 deservire.

249 1740 412 1820 Quatuor
436 1747 551 1805 autem
579 1741 616 1804 in
645 1759 807 1823 supremo
837 1733 967 1823 ¹operis
994 1742 1149 1823 margine

198 1840 360 1924 ponimus
392 1841 525 1905 titulos.
576 1839 735 1918 Quorum
763 1839 895 1921 primus
924 1845 978 1904 est
1009 1840 1151 1906 Domini

198 1939 310 2004 nostri
325 1938 349 2002 J
352 1955 420 2004 nsu
440 1938 594 2016 Christi;
614 1937 786 2002 secundus
802 1938 1052 2016 Romanorum,
1068 1948 1149 2004 ante

198 2038 299 2122 cnjus
317 2039 530 2122 'principium
558 2037 722 2102 scribitur
748 2037 866 2102 littera
896 2037 940 2114 P,
964 2037 1150 2120 designans
1189 2109 1191 2114 ,

199 2137 394 2221 pontifices
418 2145 500 2220 post
522 2137 625 2201 finem
649 2155 733 2201 vero
757 2135 874 2201 littera
896 2136 942 2214 R,
964 2136 1151 2219 designans

199 2256 322 2319 reges3
351 2237 476 2302 tertius
501 2237 625 2300 titulus
647 2242 701 2300 est
726 2235 962 2315 Francorum
993 2229 1151 2318 ²quartus

198 2334 419 2418 Anglorum3
444 2335 569 2419 quibus
585 2334 854 2417 correspondent
868 2335 1019 2417 quinque
1033 2354 1151 2398 nume-

200 2455 319 2499 rorum
344 2436 463 2512 series,
489 2453 568 2518 quae
600 2433 746 2516 singulis
777 2433 1036 2516 praemittuntur
1058 2433 1150 2516 oapi·

201 2535 296 2612 tulis,
315 2535 369 2598 ita
386 2540 427 2598 ut
447 2534 598 2598 secundo
614 2533 717 2598 titulo
736 2533 815 2597 duae
830 2525 963 2609 series³,
977 2551 1048 2596 una
1065 2551 1151 2614 pon·

201 2633 333 2698 tifionm
347 2641 384 2697 et
398 2633 470 2697 alia
485 2651 618 2714 regum,
633 2631 874 2716 respondeant.
926 2631 998 2695 Sub
1010 2631 1152 2716 reliquis

201 2753 283 2797 vero
291 2731 440 2814 singula
451 2739 629 2814 ponuntur
637 2749 856 2798 numerorum
866 2731 988 2810 series3
1004 2751 1152 2814 quarum

200 2833 313 2915 prima
337 2851 429 2896 anno
451 2831 594 2896 Domini
616 2831 726 2894 nostri
748 2830 772 2894 J
775 2845 843 2894 nso
864 2829 1007 2906 Christi,
1026 2838 1153 2913 quarta

203 2932 429 3008 Francorum,
444 2932 568 3014 quinta
586 2929 782 3011 Anglorum
798 2948 921 3010 regum
938 2931 1151 3011 temporibus

200 3038 420 3112 coaptantur.
481 3030 569 3095 Cum
601 3036 717 3094 autem
746 3029 783 3093 in
812 3029 900 3092 serio
931 3048 1052 3111 regum
1080 3028 1154 3092 Ro·

201 3149 382 3194 manorum
403 3129 472 3194 duo
493 3122 639 3192 *numeri
656 3129 848 3210 signentur,
868 3128 1028 3210 superior
1042 3146 1153 3191 annos

203 3229 364 3310 designat
388 3227 535 3311 imperii,
561 3227 702 3292 inferior
727 3246 810 3292 vero
835 3226 947 3308 regni.
1011 3224 1153 3292 Annum

202 3348 284 3393 vero
301 3329 409 3411 juxta
424 3347 553 3392 moram
571 3327 721 3391 Romani
737 3326 926 3391 calendarii
943 3344 965 3390 a
984 3325 1153 3408 principio

202 3427 226 3491 J
229 3427 364 3491 aunarii
377 3421 600 3491 exordimur?

238 3653 247 3687 ¹
260 3656 389 3718 ‘margine
403 3655 481 3718 hujus
492 3655 576 3717 operis
586 3650 601 3716 ;’
618 3654 665 3704 Ar.
691 3647 1157 3715 apparentinaccuraciesinpassages

237 3738 330 3804 '‘et3'
346 3743 386 3792 Μ,
692 3724 719 3770 in
737 3723 797 3783 this,
812 3721 908 3782 history
925 3721 1000 3770 when
1021 3721 1156 3782 compared

692 3791 756 3840 with
778 3791 881 3840 authors
903 3790 960 3839 who
983 3790 1093 3852 adopted
1114 3791 1157 3839 the

280 3917 286 3928 ι
356 3915 361 3927 ,
536 3913 542 3925 ,
694 3861 850 3921 Florentino,
870 3861 960 3922 Pisas,
982 3860 1103 3921 Paschal,
1129 3874 1158 3908 or

240 3912 668 3974 “mlimffiwflumffli‘lumm
694 3931 765 3980 other
796 3931 990 3993 computatione,
1018 3944 1046 3981 or
1071 3929 1158 3980 whose

204 3998 273 4034 ΠΜ
285 3986 422 4046 iml’onitur
433 3979 535 4045 &151183’
553 3981 601 4033 Ar·
694 3999 811 4063 writings
818 3999 1000 4062 'l'rivetusmay
1009 4000 1073 4068 have
1084 4000 1158 4050 made

239 4070 250 4098 ⁵
266 4070 329 4120 This
347 4064 402 4120 will
420 4075 529 4121 account
543 4069 582 4119 ior
601 4083 669 4119 some
696 4080 742 4120 use
754 4069 783 4119 oi
791 4069 866 4120 iubis
877 4069 1048 4132 compilation.

238 3827 250 3857 ³
260 3831 397 3878 ‘annorum
405 3823 422 3889 3'
440 3826 487 3878 Ar.
