3252 5026
609 535 795 584 nuunnas.
1115 519 1179 587 181

225 691 369 756 Thomas
413 692 676 775 praedecessoris
724 693 778 756 sui
824 692 972 773 vestigia
1011 691 1178 757 imitatus.

226 790 320 855 Otho
354 792 427 856 dux
460 786 650 868 ¹Saxoniae,
685 791 777 874 regis
804 790 943 873 Angliae
979 812 1044 858 eux
1061 811 1180 858 sorore

226 910 345 973 nepos,
388 913 531 974 regnum
574 890 790 956 Alemanniae
833 892 976 974 pacifice
1018 893 1179 970 obtinuit,

227 989 389 1074 Philippo
424 993 511 1056 duce
547 991 695 1069 Sueviae,
735 993 793 1076 qui
831 1011 909 1055 cum
947 992 1085 1058 Othone
1119 993 1179 1056 diu

224 1084 464 1156 ²contenderat
491 1092 533 1156 de
561 1092 715 1175 imperio,
741 1111 763 1156 a
792 1091 1030 1158 Landecravio
1052 1093 1179 1156 Turin-

223 1192 290 1272 giae
307 1191 501 1256 interfecto.
553 1191 709 1257 Ioannes
735 1192 778 1256 de
801 1185 973 1256 ³Brennia
997 1193 1034 1256 in
1061 1213 1178 1274 regem

224 1289 417 1356 Jerusalem
432 1300 625 1357 coronatur.
666 1292 837 1357 Obierunt
850 1290 1033 1375 Philippus
1048 1293 1178 1358 Dnnel-

224 1392 351 1456 mensis
368 1399 404 1456 et
420 1391 599 1458 Galfridus
612 1386 857 1457 *cicestrensis
872 1393 1037 1476 episcopi.

242 1610 268 1646 D.
281 1611 307 1646 N.
318 1610 338 1646 J,
349 1611 373 1648 0.
465 1612 489 1648 P.
501 1611 663 1648 ROMANORUM
676 1613 701 1648 B.
810 1611 964 1646 FRANOORUM
1016 1609 1157 1645 ANGLORUM

234 1667 374 1676 ...—

263 1698 350 1735 uocrx.
392 1699 540 1737 runocrurn
553 1701 594 1736 111.
619 1699 771 1736 oraoursrv.
815 1699 926 1736 aarum
938 1699 968 1735 11.
1028 1698 1133 1734 scaurus

474 1761 513 1806 11.
675 1761 714 1807 11.
862 1760 903 1806 28.
1065 1758 1105 1805 1⁰.

273 1898 412 1963 Joauru
435 1899 509 1980 regi
528 1900 665 1982 Angliae
689 1908 792 1963 natus
815 1907 869 1970 est
885 1898 977 1962 filius
993 1898 1176 1976 secundus,
1188 1909 1262 2002 ἕξοις

227 2000 262 2062 in
290 1998 410 2081 vigilia
439 1999 657 2082 Epiphaniae,
689 2020 789 2082 quem
819 2001 855 2063 in
884 1999 1002 2064 fratris
1028 1999 1082 2062 sui
1107 2019 1178 2062 me-
1264 1989 1269 2000 ’

225 2100 368 2163 moriam
396 2100 586 2182 appellavit
614 2100 812 2164 Ricardum.
866 2099 948 2163 Hoc
972 2118 1063 2162 anno
1086 2097 1176 2164 idem

223 2219 285 2262 rex
301 2200 392 2282 apud
415 2199 632 2282 Merleberge
653 2194 834 2264 ⁵comitum
855 2206 891 2264 et
904 2200 1073 2263 baronum
1093 2198 1178 2267 alio·

222 2319 296 2361 rum
314 2299 356 2363 de
373 2319 410 2363 se
428 2301 617 2365 tenentium
635 2320 697 2383 per
716 2307 825 2364 totam
840 2297 1006 2380 Angliam
1025 2300 1176 2381 suscepit

224 2399 408 2464 fidelitates
440 2409 474 2464 et
502 2401 664 2482 homagia
694 2400 831 2464 iterato.
890 2397 970 2462 Hoc
1005 2417 1096 2461 anno
1130 2419 1175 2462 ex

225 2509 399 2583 praecepto
421 2502 513 2582 regis
537 2501 579 2564 de
602 2500 733 2584 palatio
752 2499 1052 2564 westmonasterii
1069 2498 1176 2581 Juxta

225 2601 441 2664 Londoninm
471 2620 581 2684 usque
609 2600 937 2682 Northamptoniam
964 2597 1175 2662 scaccarium

224 2708 278 2765 est
304 2701 523 2766 translatum.
574 2699 707 2765 Audito
726 2707 842 2764 autem
864 2699 956 2782 qnod
976 2698 1174 2762 Willelmus

224 2821 287 2864 rex
327 2801 508 2867 Scotorum
547 2802 653 2865 filiam
686 2820 784 2865 suam
823 2801 940 2864 comiti
976 2798 1176 2863 Boloniensi

219 2901 398 2986 junxisset
415 2902 598 2979 connubio,
621 2901 703 2984 quia
724 2900 921 2983 irrequisito
943 2919 1008 2964 suo
1032 2918 1176 2962 assensu

223 3000 352 3064 factum
376 3001 501 3078 fuerat,
526 3021 619 3083 aegre
646 3001 736 3066 tulit.
790 2999 938 3083 Propter
963 2999 1055 3083 quod
1083 2999 1176 3062 circa

223 3101 348 3165 festum
383 3101 507 3165 Mariae
542 3101 775 3184 Magdalenae‚
805 3102 998 3164 coadunato
1032 3101 1174 3183 copioso

224 3203 391 3280 exercitu,
415 3219 525 3286 usque
549 3201 763 3266 Berewioum
786 3201 966 3283 processit,
992 3198 1083 3263 bello
1111 3218 1173 3280 ag-

223 3303 321 3382 gredi
342 3322 457 3385 regem
478 3302 659 3367 Scotorum
687 3301 895 3383 disponens;
922 3299 982 3362 sed
1004 3299 1098 3362 illico
1121 3318 1174 3362 re-

223 3401 371 3466 formata
410 3422 507 3485 paee,
547 3403 698 3485 acceptis
733 3400 868 3464 duabus
906 3398 1044 3462 filiabus
1080 3399 1173 3478 regis

223 3502 349 3566 Scotiae
381 3503 569 3579 obsidibus,
600 3504 635 3566 in
670 3500 835 3582 Angliam
863 3498 965 3563 rediit
994 3498 1173 3580 proposito

222 3601 413 3667 immutato.
466 3602 560 3667 Otho
591 3623 653 3666 rex
686 3601 936 3675 Romanorum,
968 3599 1004 3662 in
1033 3597 1172 3662 Italiam

221 3703 373 3780 veniens,
387 3704 598 3786 imperialem
619 3701 890 3766 benedictionem
907 3700 951 3764 ab
968 3698 1174 3762 Innocentio

223 3804 368 3885 recepit3
393 3804 450 3885 qui
469 3804 585 3866 statim
598 3822 676 3866 oum
689 3799 859 3865 Romanis
873 3818 1026 3881 pugnam
1040 3796 1174 3877 habuit,

113 3897 118 3917 '
222 3911 257 3966 et
278 3911 400 3968 contra
427 3903 643 3969 voluntatem
671 3900 800 3965 domini
827 3918 928 3982 papae
953 3917 1096 3980 regnum
1125 3897 1175 3960 in·

256 4139 264 4171 ¹
282 4142 428 4192 ‘Saxonum
436 4136 452 4203 3’
464 4141 504 4191 M.
515 4145 539 4190 et
550 4140 598 4190 Ar,
747 4133 758 4164 ⁴
776 4136 935 4188 ‘Castrensis
943 4135 959 4195 ς’
970 4133 1040 4186 n’A.

256 4240 292 4273 rc
434 4245 440 4256 .
460 4238 474 4272 ρ
748 4204 922 4268 “comitnm,
949 4207 1082 4266 baronum,
1112 4203 1174 4252 alio·

299 4247 467 4305 mmmm
486 4242 534 4294 Ar·
713 4291 819 4338 rumque
843 4277 875 4326 de
898 4291 925 4326 se
948 4276 1086 4326 tenentium
1096 4268 1113 4335 3’
1135 4274 1174 4324 Μ.

254 4343 265 4375 ³
281 4346 388 4396 ‘Bruna
398 4341 413 4407 ;’
426 4347 465 4396 M.
478 4349 503 4395 et
512 4344 561 4397 Ar.
711 4346 792 4396 etAr.
