3204 5028
435 481 500 546 128
785 499 860 547 mc.
883 499 1032 546 rnrvnrr

271 668 364 759 {130¹
433 656 563 739 ignotae
601 655 771 737 regionis
793 655 1041 721 constitutione
1078 675 1181 720 cum
1195 676 1261 720 sua
1297 677 1389 722 com·

433 756 596 839 plexione
624 754 773 819 naturali
797 755 935 820 minime
961 756 1202 820 concordante.
1254 757 1390 821 Invita-

434 864 491 921 tus
507 855 730 920 nihilominus
751 875 813 939 per
829 874 946 938 regem
971 856 1127 919 Franciae
1151 856 1196 919 ad
1219 857 1388 921 assultum

433 955 641 1033 faciendum,
674 975 751 1020 cum
783 974 821 1019 se
854 956 973 1020 morbo
1002 964 1198 1033 excusaret,
1226 957 1300 1038 ipse
1325 976 1388 1021 rex

435 1055 591 1119 Franciae
605 1055 641 1118 in
655 1055 789 1120 octavis
803 1055 839 1120 S.
855 1054 878 1119 J
881 1056 1004 1120 oannis
1019 1049 1204 1138 ¹Baptistee
1220 1075 1297 1120 cum
1315 1058 1388 1120 suis

433 1155 510 1219 urbi
541 1154 634 1220 dedit
660 1155 839 1218 insultum.
890 1154 958 1219 Sed
987 1174 1066 1219 cum
1094 1175 1164 1220 non
1195 1157 1388 1238 proficeret,

433 1255 518 1368 quin
540 1255 645 1318 immo
668 1254 847 1334 machinas
869 1254 993 1318 etalio
1014 1255 1244 1319 instrumenta
1264 1257 1389 1320 bellica

272 1368 372 1410 sicma·
432 1354 514 1436 igne
531 1353 657 1419 Graeco
672 1361 833 1436 correpta
855 1354 1017 1437 dissipari
1038 1373 1101 1436 per
1122 1348 1273 1419 ²Turcos
1288 1356 1388 1434 vidit,

271 1419 372 1558 {diffie
434 1473 479 1517 ex
515 1454 659 1518 taedio
649 1474 685 1517 m
716 1454 918 1536 languorem
952 1453 1079 1517 dicitur
1106 1454 1284 1535 incidisse;
1319 1456 1389 1521 cito

271 1569 339 1618 uuit
434 1560 549 1617 tamen
572 1554 818 1618 convalescens
839 1554 963 1617 iterum
981 1553 1115 1619 civitati
1132 1554 1194 1619 dat
1210 1555 1388 1631 insultum,

434 1653 490 1716 cui
521 1653 712 1718 intererant
738 1652 893 1717 homines
918 1653 1011 1735 regis
1040 1653 1194 1719 Ricardi.
1247 1655 1323 1719 Et
1314 1674 1388 1738 ipse

434 1752 586 1835 quidem,
608 1753 690 1817 licet
706 1753 808 1837 plene
830 1773 900 1818 non
916 1753 1143 1830 convaluerit,
1159 1754 1387 1835 gerendorum

433 1860 549 1915 tamen
574 1852 756 1930 sollicitae,
782 1871 820 1916 se
846 1853 929 1916 illuc
951 1853 989 1915 in
1011 1845 1169 1918 ³onlcitra
1196 1854 1307 1918 serica
1330 1853 1386 1917 de·

433 1950 565 2033 portari
581 1951 662 2017 fecit
675 1973 684 2031 3
708 1953 900 2034 sedensque
915 1953 1034 2017 subter
1045 1953 1178 2016 tricleia
1193 1972 1269 2030 sua,
1286 1953 1388 2037 cujus

434 2057 509 2114 orat
526 2052 657 2134 peritus
672 2053 835 2116 utebatur
856 2052 995 2129 balista,
1022 2051 1121 2136 cujus
1140 2052 1261 2134 jaculo
1284 2054 1388 2118 Sara-

434 2151 510 2214 ceni
542 2150 734 2235 cujnsdam,
767 2152 828 2234 qui
858 2151 894 2214 in
922 2151 1028 2216 armis
1052 2152 1171 2216 militis
1199 2152 1387 2217 Christiani

435 2269 544 2333 nuper
574 2252 679 2315 occisi
711 2250 973 2333 gloriabundus,
1000 2251 1037 2314 in
1065 2252 1281 2317 eminentiori
1311 2253 1388 2318 loco

434 2351 524 2413 muri
555 2350 600 2414 ad
625 2351 789 2416 invidiam
814 2350 1087 2415 Christianorum
1114 2369 1152 2414 se
1178 2353 1388 2429 ostenderat,

435 2450 585 2532 pectoris
601 2450 718 2534 ampla
734 2449 921 2515 transfixit.
955 2449 1111 2532 Cumque
1124 2457 1237 2515 turres
1253 2460 1288 2516 et
1300 2453 1388 2515 muri

434 2549 587 2614 civitatis
609 2569 654 2614 ex
674 2569 744 2614 una
767 2559 867 2632 parte
891 2569 952 2632 per
971 2550 1148 2614 machinas
1168 2552 1260 2633 regis
1277 2552 1387 2615 Fran·

435 2649 510 2725 ciee,
528 2658 563 2714 et
580 2669 625 2713 ex
643 2650 713 2713 alia
734 2657 833 2732 parte
854 2669 917 2732 per
937 2649 1115 2713 machinas
1136 2651 1227 2732 regis
1247 2650 1387 2733 Angliae

272 2762 411 2852 Pronoq1r01
434 2746 650 2813 diruerentur
658 2759 693 2814 et
704 2757 1029 2831 conquassarentur,
1045 2749 1207 2813 Saraceni
1221 2752 1280 2832 qui
1295 2751 1389 2814 intus

271 2823 345 2853 'um
360 2823 395 2859 ⁰¹¹
433 2855 544 2924 erant,
559 2847 674 2911 missis
692 2848 737 2912 ad
753 2867 852 2929 reges
867 2847 1003 2930 legatie,
1021 2849 1193 2930 petierunt
1208 2850 1386 2928 induciae,

433 2948 642 3029 spondentes
657 2948 748 3030 quod
764 2948 831 3011 nisi
842 2948 1027 3012 Saladinus
1039 2941 1123 3013 *cito
1135 2950 1185 3012 eis
1200 2949 1390 3016 destinaret

434 3045 656 3129 adjutorium,
685 3048 861 3112 civitatem
890 3047 1084 3123 redderent,
1112 3067 1154 3112 ea
1181 3049 1387 3126 conditione,

433 3154 473 3209 ut
495 3146 628 3209 obsessi
654 3147 762 3211 libere
785 3148 920 3212 abirent
940 3167 1017 3211 cum
1045 3147 1150 3211 armis
1171 3155 1207 3212 et
1232 3149 1389 3213 omnibus

271 3259 416 3350 ggqqpian
434 3263 512 3327 quae
530 3253 629 3310 erant
645 3266 775 3310 eorum.
827 3246 896 3311 Sed
917 3267 961 3310 ne
982 3246 1063 3310 huic
1089 3248 1247 3328 petitioni
1270 3268 1388 3312 assen-

272 3311 398 3400 theren⁸
435 3345 714 3423 tiretur,obstitit
727 3366 790 3410 rex
806 3345 999 3426 Ricardus;
1023 3365 1181 3410 asserens
1197 3367 1272 3412 esse
1286 3350 1388 3412 nimis

434 3463 542 3526 grave
557 3453 637 3529 post
653 3446 742 3509 tanti
766 3446 930 3528 temporis
951 3395 1161 3509 laboriosam
1176 3447 1387 3512 obsidionem

435 3545 564 3608 intrare
579 3565 723 3610 vacuam
741 3546 929 3610 civitatem.
981 3545 1148 3626 Regressi
1169 3547 1288 3628 igitur,
1306 3567 1388 3612 con·

408 3641 413 3648 ’
435 3644 596 3726 sultoque
611 3665 673 3728 per
688 3646 920 3709 internuntios
937 3644 1102 3709 Saladino
1117 3645 1196 3731 (qni
1211 3647 1389 3710 remanda-

436 3744 486 3807 vit
500 3751 539 3807 ut
552 3763 673 3826 pacem
687 3745 840 3809 facerent
860 3764 963 3828 quarn
982 3741 1154 3829 possent),
1173 3746 1296 3808 iterum
1319 3747 1388 3810 die-

436 3843 500 3906 bus
517 3844 688 3924 aliquibus
712 3843 840 3926 elapsis
862 3845 1001 3925 regibus
1020 3843 1232 3922 obtulerunt,
1248 3852 1287 3909 ut
1304 3846 1388 3911 civi-

436 3950 540 4006 tatem
564 3943 675 4024 ipsam
699 3944 892 4020 redderent,
915 3950 950 4007 et
964 3962 1101 4007 crucem
1123 3943 1260 4026 duoque
1281 3946 1389 4009 millia

471 4137 478 4169 ¹
498 4137 653 4202 ‘Baptistae’
665 4143 688 4192 is
699 4143 761 4192 from
775 4145 835 4192 Cod.
843 4145 882 4193 M.
961 4142 972 4174 ³
988 4144 1101 4194 ‘culcita
1109 4140 1124 4206 ς’
1136 4140 1169 4193 D’
1170 4143 1204 4194 A.

469 4207 636 4272 ²‘'l'nrcos3‘
670 4208 754 4263 Hall's
783 4214 901 4263 emenda·

434 4282 502 4331 tion:
521 4283 619 4331 ‘turres
629 4279 645 4343 ;'
660 4285 719 4334 cod.
729 4284 793 4346 Reg.
962 4282 972 4312 ⁴
988 4284 1083 4333 ‘citum
1092 4279 1108 4344 ς’
1126 4285 1165 4334 Μ.
1176 4289 1201 4333 et
1212 4282 1259 4334 Ar.
