3252 5026
440 509 505 573 198
799 525 873 572 nic.
896 524 1044 572 sewum

443 682 527 746 nulli
545 681 703 746 edilium
727 681 867 746 Meriini
889 682 1021 746 fatidici
1041 682 1242 746 vaticinium
1265 681 1396 756 referri,

443 802 512 866 quo
529 782 631 857 dixit,
656 782 843 863 ‘Virginea
863 801 1006 846 munera
1029 783 1219 863 virginibus
1243 781 1396 845 donabit.

444 881 700 946 Promercbitur
729 882 810 946 inde
842 882 996 947 favorem
1027 882 1208 958 Tonantio,
1241 888 1277 944 et
1305 883 1394 945 inter

444 983 565 1046 beatos
581 975 845 1046 collocabitur.'¹

284 1097 387 1138 mecon-
497 1081 626 1146 Eodem
653 1101 743 1146 anno
769 1083 893 1146 beatus
918 1081 1132 1159 Dominicus‚
1158 1081 1269 1145 electa
1289 1100 1311 1144 a
1331 1079 1396 1142 fra-

281 1147 388 1187 flnnstion
397 1145 421 1184 ot

282 1196 425 1237 novemini·
446 1182 556 1246 tribus
584 1182 706 1263 regula
734 1183 828 1245 beati
857 1179 1057 1264 Augustini,
1087 1181 1239 1245 doctoris
1267 1180 1397 1253 eximii,

283 1249 399 1288 ‘mm
447 1282 594 1346 Romam
620 1301 791 1358 reversus
813 1281 976 1346 defuncto
999 1301 1090 1364 papa
1113 1281 1329 1350 innocentio,
1353 1280 1397 1342 ab

445 1381 521 1464 ejus
539 1400 737 1446 successore
756 1381 916 1446 Honorio
939 1382 1233 1446 confirmationem
1256 1379 1398 1456 ordinis,

446 1482 505 1564 qui
521 1480 791 1546 Praedicatorum
809 1482 991 1559 diceretur,
1003 1481 1154 1546 obtinuit
1166 1474 1190 1558 3²
1213 1480 1312 1564 cujus
1323 1480 1397 1561 ipsc

445 1581 576 1663 primus
600 1581 763 1646 fundator
784 1582 932 1657 exstitit,
955 1589 991 1645 et
1007 1582 1181 1662 magister.
1236 1581 1328 1644 Data
1345 1586 1398 1642 est

445 1681 510 1745 hoc
524 1700 616 1745 anno
633 1681 796 1745 fratribus
810 1681 954 1746 ecclesia
973 1681 1008 1744 S.
1022 1681 1172 1744 Romani
1184 1683 1219 1744 in
1231 1679 1398 1755 Tholosa,

445 1781 505 1843 ubi
520 1788 555 1844 et
570 1782 681 1862 prima
698 1780 820 1845 domus
836 1781 966 1844 ordinis
983 1788 1037 1844 est
1051 1774 1222 1846 fundata.³

559 1927 745 2012 ,nuptialem
755 1939 839 2014 μείω
854 1929 990 2016 Jounnis
1004 1929 1083 2014 regiis
1098 1925 1280 2014 Anqlormm

482 2148 491 2180 ¹
506 2151 569 2200 'l'his
585 2152 607 2202 is
625 2166 726 2201 severe:
744 2154 791 2201 but
806 2153 846 2202 his
858 2154 912 2216 epi·
936 2153 1030 2213 which,
1038 2152 1164 2213 however,
1175 2166 1229 2200 was
1240 2155 1283 2200 not
1293 2151 1398 2200 inscrib-

446 2221 517 2284 tuph,
537 2223 611 2284 given
626 2224 652 2270 iu
672 2223 756 2284 Roger
775 2223 803 2271 of
817 2223 913 2272 Wend·
937 2224 970 2272 ed
986 2237 1018 2271 on
1036 2222 1076 2271 his
1091 2225 1235 2271 monument
1245 2223 1271 2270 in
1282 2221 1397 2270 Wouces-

445 2306 514 2356 over,
531 2293 569 2342 iii.
586 2296 643 2354 886,
659 2292 682 2342 is
698 2293 774 2342 much
790 2307 858 2342 more
875 2307 913 2356 so,
938 2298 976 2343 ter
986 2292 1131 2342 cuthedrnl:

562 2396 571 2423 ‘
585 2394 643 2443 Hoc
653 2394 679 2442 in
690 2395 846 2456 sarcophago
858 2395 980 2456 sepelitur
989 2395 1057 2456 regis
1067 2395 1160 2455 imago,

588 2465 642 2517 Qui
653 2465 760 2514 moriens
771 2465 877 2513 multum
889 2465 988 2514 sedavit
998 2466 1024 2513 in
1035 2465 1094 2514 orbe
1105 2464 1256 2523 tumultum

588 2535 666 2583 Hunc
676 2535 744 2583 melu
754 2539 925 2596 postmortem
936 2535 1010 2583 timor
1020 2539 1099 2582 estne
1111 2533 1164 2582 iate
1173 2537 1319 2594 sequautur.

589 2605 643 2656 Qui
653 2605 717 2666 legis
728 2604 794 2666 haec,
805 2609 918 2653 metuens
928 2605 989 2653 dum
1000 2605 1082 2653 cernis
1092 2609 1117 2652 te
1128 2605 1285 2664 moriturum,

589 2675 698 2723 Discute
709 2674 772 2735 quid
783 2688 864 2722 rerum
876 2675 959 2736 pariat
967 2676 1014 2723 tibi
1025 2679 1092 2723 meta
1102 2669 1217 2740 dimum?

483 2775 493 2804 ²
508 2776 571 2825 This
582 2775 753 2824 confirmation
763 2789 818 2823 was
827 2780 911 2838 grant·
935 2776 1063 2825 dissolved
1077 2776 1104 2823 in
1118 2775 1160 2824 the
1179 2775 1309 2837 following
1327 2791 1397 2836 year,

449 2846 481 2895 ed
492 2862 524 2895 on
535 2846 577 2894 the
589 2845 656 2893 llud
667 2845 749 2903 Dec.;
767 2845 868 2894 Echard
885 2849 911 2894 et
935 2843 1009 2907 inire,
1028 2845 1128 2909 p.'202,
1142 2848 1168 2893 in
1185 2860 1356 2906 consequence
1370 2845 1400 2894 oi

452 2915 550 2975 Quenf,
561 2915 624 2963 Tob.
637 2913 731 2963 Ghrou.
742 2914 760 2963 i.
773 2917 814 2962 84.
936 2930 968 2964 au
980 2917 1145 2965 insurrectiou
1155 2919 1182 2964 at
1191 2915 1326 2965 Tholouse.

483 2983 495 3015 ⁸
512 2984 603 3034 Which
614 2984 703 3046 house,
718 2983 843 3046 however,
855 2997 910 3032 was
