3252 5026
624 499 807 547 ANNALES.
1117 481 1183 544 209

230 655 650 739 Saracenorumldomiuio
671 655 795 720 iterum
818 661 871 718 est
893 652 1058 736 subjecta.
1112 653 1179 717 Eo·

230 756 305 819 dem
333 775 423 819 anuo
442 756 595 832 Tartari,
619 754 805 836 Georgiam
830 760 865 818 et
887 753 1086 817 Armeniam
1108 773 1180 818 ma-

225 855 337 939 jorem
354 863 543 933 vastantes,
560 875 624 919 suo
642 875 700 919 eas
716 854 866 919 dominio
882 853 1115 937 subjecerunt.

280 956 335 1019 De
361 955 511 1020 secundo
534 956 686 1039 capitulo
708 954 860 1036 generali
882 953 1026 1017 fratrum
1050 952 1179 1017 ordinis
1191 965 1237 1006 The
1245 968 1322 1007 second

1191 1017 1276 1066 general

230 1055 515 1133 Praedicatorum,
540 1056 632 1138 quod
662 1055 726 1120 sub
754 1056 857 1119 beato
881 1053 1065 1117 Dominico
1090 1053 1178 1118 cele·
1191 1069 1277 1115 chapter
1286 1067 1310 1105 οἱ

1192 1117 1228 1156 the
1237 1116 1333 1156 Domini·

228 1155 364 1219 bratum
379 1163 432 1219 est
450 1156 630 1232 Bononiae,
647 1155 712 1219 hoc
735 1175 825 1219 anno
842 1154 938 1216 missi
958 1159 1040 1216 sunt
1054 1153 1178 1217 fratres
1191 1169 1320 1256 {3333sp

230 1255 481 1319 Praedicatores
501 1256 538 1319 in
556 1255 732 1338 Angliam,
750 1255 811 1338 qui
833 1273 974 1318 numero
1001 1253 1177 1331 tredecim,
1191 1266 1331 1356 {griffina

228 1354 392 1419 habentes
417 1356 564 1437 priorem
592 1355 733 1419 fratrem
758 1354 952 1418 Gilbertum
981 1353 1023 1417 de
1052 1352 1177 1416 Fraxi-
1225 1328 1238 1366 ⁸
1290 1346 1294 1355 '

229 1462 321 1531 neto,
340 1456 375 1517 in
397 1457 560 1520 comitiva
574 1454 780 1520 venerabilis
802 1453 911 1536 patris
934 1453 1063 1516 domini
1081 1452 1178 1517 Petri

229 1554 271 1617 de
300 1555 473 1638 RupibuS,
489 1555 740 1620 Wiutouiensis
764 1554 928 1636 episcopi,
952 1553 1178 1620 cantuariam

229 1662 480 1736 pervenerunt:
506 1648 576 1718 lubi
593 1675 670 1719 cum
688 1673 726 1718 se
743 1654 882 1718 domino
897 1652 1072 1735 Stephano
1088 1652 1179 1717 Can·

230 1756 394 1818 tuariensi
409 1754 645 1837 archipraesuli
658 1761 937 1837 praesentassent,
951 1751 1070 1817 audito
1084 1753 1178 1835 quod

230 1853 480 1918 Praedicatores
499 1863 624 1932 essent,
642 1855 758 1919 statim
775 1854 874 1918 fratri
892 1852 1050 1918 Gilberto
1072 1853 1179 1936 impo-

230 1955 310 2032 suit,
336 1961 376 2018 ut
403 1973 519 2018 coram
547 1975 584 2018 se
609 1975 801 2019 sermonem
826 1954 955 2018 faceret
976 1953 1012 2015 in
1035 1953 1180 2018 ecclesia

229 2054 391 2136 quadam,
413 2055 448 2118 in
472 2074 541 2138 qua
568 2056 713 2138 ipsemet
736 2061 964 2138 proposuerat
983 2052 1102 2117 eodem
1125 2053 1179 2117 die

229 2154 427 2237 praedicare.
492 2154 602 2238 Cujus
628 2155 742 2219 verbis
772 2153 956 2218 admodum
989 2152 1178 2217 aedificatus

229 2254 399 2335 pontifex,
427 2261 501 2318 toto
524 2273 587 2318 suo
614 2262 779 2336 tempore,
806 2253 1007 2334 religionem
1032 2252 1178 2316 fratrum

230 2353 500 2419 Praedicatorum
512 2362 547 2418 et
561 2353 709 2419 officium
727 2360 930 2436 prosecutus
944 2359 998 2416 est
1013 2353 1128 2433 gratia
1144 2360 1179 2418 et

228 2453 358 2518 favore.
410 2454 676 2536 Progredieutes
694 2463 809 2517 autem
825 2453 950 2516 fratres
967 2451 1009 2515 de
1023 2451 1175 2516 Cantua·

229 2555 293 2631 ria,
311 2562 480 2619 venerunt
502 2553 698 2618 Londouias
720 2553 867 2617 infesto
890 2552 1001 2616 sancti
1024 2551 1179 2616 Lauren·

231 2655 294 2733 tii3
322 2661 357 2718 et
378 2655 523 2718 ulterius
544 2647 736 2718 ²Oxoniam
757 2653 792 2716 in
813 2653 902 2716 festo
923 2651 1180 2734 Assumptionis

231 2753 388 2835 Virginis
419 2755 591 2836 gloriosae,
622 2755 658 2817 in
694 2752 794 2837 cujus
832 2752 961 2816 honore
993 2752 1181 2817 oratorium

232 2861 522 2918 construxerunt:
557 2862 591 2918 et
617 2853 790 2918 habebant
818 2853 954 2917 scholas
980 2851 1071 2930 illas,
1102 2871 1181 2934 quaa

232 2974 322 3018 nunc
339 2955 451 3018 sancti
467 2953 630 3018 Edwardi
654 2952 826 3030 dicuutur,
844 2953 880 3016 iu
901 2953 1001 3037 cujus
1018 2952 1183 3036 parochia

231 3054 345 3117 locum
368 3062 584 3135 acceperant,
609 3055 646 3117 iu
668 3073 736 3136 quo
756 3060 910 3136 tempore
932 3053 1049 3135 aliquo
1070 3071 1183 3115 mora·

231 3155 368 3218 bantur.
420 3153 487 3218 Sed
509 3173 586 3217 cum
609 3173 678 3217 nou
702 3160 792 3217 esset
811 3152 1051 3236 opportunitas
1069 3152 1181 3215 locum

224 3251 438 3320 ,sufficienter
463 3253 643 3330 dilatandi,
663 3253 916 3316 transtulerunt
940 3270 976 3314 se
1004 3251 1046 3314 ad
1069 3251 1182 3314 locum

233 3372 255 3416 a
277 3372 359 3435 rege
380 3353 430 3418 eis
452 3373 666 3432 concessum,
696 3353 755 3416 ubi
778 3371 869 3415 nunc
896 3351 1054 3414 habitant
1081 3357 1182 3414 extra

237 3473 365 3519 muros.

283 3553 413 3618 Eodem
436 3573 527 3617 anuo
550 3551 674 3619 octavo
689 3553 767 3617 idus
783 3551 936 3634 Augusti
952 3544 1091 3614 ³beatus
1109 3550 1181 3614 Do·
1195 3568 1264 3608 netu
1274 3567 1319 3656 ⁰i1

234 3653 388 3731 minicuS,
421 3653 550 3718 ordinis
586 3653 856 3717 Praedicatorum
892 3651 1082 3727 institutor,
1116 3651 1183 3732 pri·
1195 3620 1337 3723 ⁸²³?an

234 3772 378 3836 musque
406 3755 584 3836 magister,
609 3755 644 3816 in
673 3759 846 3817 conventu
869 3750 1079 3815 Bononiensi
1112 3750 1184 3813 dies

235 3871 316 3916 suos
334 3853 370 3916 in
394 3855 496 3929 bono,
515 3861 549 3917 et
567 3871 674 3916 annos
692 3872 773 3916 suos
790 3851 975 3935 complevit
994 3851 1030 3914 in
1053 3850 1182 3932 gloria:

235 3961 445 4036 acceptoque
464 3953 604 4018 denario
617 3952 752 4030 diurno,
766 3960 932 4034 tanquam
942 3949 1052 4014 fidelis
1064 3969 1185 4014 servus

273 4159 279 4189 ¹
298 4163 343 4212 ubi
354 4178 412 4212 cum
425 4163 510 4212 sedem
522 4157 535 4222 ;’
548 4162 587 4211 M.
724 4174 792 4222 ever,
810 4174 842 4208 on
860 4163 967 4208 account
985 4158 1014 4207 of
1029 4158 1085 4207 that
1103 4157 1132 4207 ol
1144 4158 1187 4207 tlre

272 4228 567 4293 ⁹0x0niis;’M.etAr.
724 4230 939 4291 Transfiguration
967 4228 1057 4290 falling
1082 4243 1114 4277 on
1137 4228 1188 4276 this

272 4299 461 4365 ⁸August6th.
499 4301 699 4351 Hisfeasthow-
725 4299 786 4361 day,
798 4301 821 4347 is
832 4300 894 4361 kept
903 4314 933 4347 ou
946 4299 988 4347 the
999 4299 1043 4346 lt'n
1055 4298 1166 4360 August.

1019 4390 1038 4434 P
