3204 5028
440 509 485 572 90
801 521 875 568 ruc.
893 520 1039 567 rnrvnm

440 700 526 759 sem,
554 687 678 764 pontes
710 688 746 745 ot
776 679 898 744 domos
926 685 1085 744 evertens
1114 697 1155 742 ac
1186 677 1394 755 molendina,

441 780 664 862 hominesque
678 779 806 843 multos
821 780 1057 860 submergens.

281 914 421 964 xungnenry
493 879 679 955 Henricus‚
711 877 905 960 Anglorum
928 897 991 941 rex
1022 875 1146 952 senior,
1178 875 1394 940 abalienatus

278 969 385 1054 sne

279 1025 335 1105 tir

442 978 486 1041 ab
513 998 622 1042 uxore
649 997 725 1054 sua,
748 978 784 1040 in
811 976 969 1041 custodia
997 995 1074 1039 eam
1103 972 1253 1040 detinuit
1278 975 1395 1039 multis

442 1079 553 1141 annis,
591 1075 770 1141 Gallridus
783 1075 888 1152 filius,
905 1074 1144 1150 Guiomarum,
1157 1074 1395 1138 vicecomitem

443 1177 668 1252 Leonensem,
698 1195 740 1240 ac
764 1169 868 1238 ¹filios
890 1174 966 1258 ejus
988 1175 1055 1237 sibi
1077 1172 1222 1236 rebelles
1239 1174 1395 1254 subegit3

442 1275 587 1338 castella
601 1294 719 1339 eorum
735 1275 887 1356 capiens,
908 1281 944 1337 et
964 1274 999 1336 in
1022 1281 1126 1336 manu
1149 1289 1214 1335 ssa
1234 1271 1396 1348 retinens,

444 1382 479 1438 et
493 1374 536 1438 de
550 1375 652 1438 terris
671 1393 789 1438 eorum
808 1372 1006 1454 relinquens
1024 1365 1092 1434 ²eis
1113 1370 1305 1452 respective
1323 1390 1396 1434 mo-

443 1473 556 1537 dicam
585 1474 790 1556 portionem.
843 1471 1015 1535 Ricardus
1046 1471 1150 1534 etiam
1178 1470 1252 1534 dux
1284 1468 1397 1552 Aqui·

445 1573 549 1636 taniae
579 1571 774 1636 Galsridum
803 1571 847 1635 de
879 1570 1052 1634 Ranchun
1081 1568 1287 1645 humiliavit,
1321 1569 1398 1652 ejus

445 1679 597 1734 castrum
614 1671 847 1752 Taleburgum
862 1671 906 1734 ad
923 1670 1033 1734 solum
1051 1669 1199 1744 diruens,
1218 1687 1295 1730 cum
1312 1687 1398 1750 qua·

445 1783 524 1834 tuor
541 1771 617 1832 aliis
640 1770 792 1834 castellis
809 1769 974 1852 ejusdem.
1027 1769 1214 1832 Dominum
1230 1768 1335 1831 etiam
1352 1768 1395 1831 de

448 1869 572 1944 Ponte,
606 1869 714 1933 eidem
741 1868 900 1932 Galsrido
928 1869 1113 1944 faventem,
1143 1867 1397 1949 subpeditavit3

446 1976 597 2048 castrum
616 1968 704 2052 ejus,
719 1969 812 2050 quod
828 1963 940 2032 ³Pous
954 1967 1090 2044 dicitur,
1103 1966 1279 2030 diruendo.
1316 1965 1398 2030 Non

446 2066 592 2130 multum
616 2087 697 2132 vero
720 2075 811 2151 post,
833 2067 986 2131 Ricardo
1007 2067 1095 2131 duce
1114 2067 1152 2129 in
1169 2064 1333 2146 Angliam
1354 2065 1398 2129 ad

448 2167 484 2230 S.
500 2166 669 2230 Thomam
693 2167 859 2250 prolecto,
882 2166 1022 2249 quidam
1039 2165 1242 2230 Basclorum
1260 2171 1296 2228 et
1311 2157 1400 2228 ⁴Na-

448 2284 626 2330 varrorum
658 2267 921 2330 Brabanzonum
951 2266 1152 2329 suburbium
1178 2259 1399 2344 ⁵Burdegalae

447 2372 684 2430 vastaverunt.
736 2365 932 2447 Philippus,
954 2366 1046 2446 regis
1068 2363 1277 2428 Francorum
1296 2363 1411 2440 filius,

447 2464 529 2528 dum
551 2464 728 2529 venationi
749 2465 890 2541 insistit,
910 2465 1045 2527 amissis
1064 2464 1178 2540 sociis,
1203 2469 1278 2526 tota
1299 2469 1399 2527 nocte

429 2564 497 2626 ,in'
517 2563 607 2628 silva
638 2563 869 2644 vagabundus
905 2563 1115 2644 permansit3
1153 2561 1291 2626 tandem
1321 2555 1400 2644 ⁶per

448 2662 619 2745 quendam
638 2663 876 2726 carbonarium
896 2681 918 2725 a
934 2681 1016 2726 casu
1033 2663 1223 2737 inventum,
1238 2660 1401 2725 reductus

448 2760 558 2824 estad
576 2780 670 2825 suos
723 2761 779 2824 Ex
795 2761 981 2825 solitudine
998 2768 1113 2825 tamen
1128 2768 1164 2824 et
1177 2778 1306 2842 pavore
1321 2767 1400 2825 tan-

449 2866 518 2923 tam
543 2860 687 2923 incurrit
707 2860 961 2942 aegritudinem,
988 2859 1081 2943 quod
1109 2859 1288 2924 coronatio
1311 2859 1401 2942 ojus,

448 2977 552 3041 quam
574 2965 673 3040 pater
694 2960 730 3022 in
747 2959 995 3042 Assumptione
1016 2960 1128 3022 beatae
1146 2958 1302 3040 Virginis
1325 2958 1399 3022 fieri

449 3057 722 3135 decreverat,est
735 3053 873 3123 omissa.
901 3059 982 3123 Rex
993 3065 1108 3123 autem
1121 3057 1328 3134 LodovicuS,
1338 3077 1402 3140 pro

450 3176 487 3220 se
510 3165 545 3221 et
564 3157 648 3234 filio,
668 3178 812 3240 peregre
836 3159 1009 3240 profectus
1032 3165 1085 3222 est
1108 3157 1144 3220 in
1170 3155 1333 3238 Angliam
1357 3157 1401 3220 ad

450 3257 589 3320 beatum
601 3256 782 3335 Thomam,
800 3259 855 3322 cui
872 3258 1057 3340 aliquando
1073 3275 1232 3338 magnam
1248 3256 1402 3320 humani·

450 3363 557 3420 tatem
575 3357 779 3422 exhibuerat
796 3359 924 3421 cumin
940 3356 1067 3420 Galliis
1085 3347 1266 3420 exularet.⁷
1323 3355 1403 3419 Rex

451 3464 566 3520 autem
594 3455 802 3539 Anglorum,
831 3458 891 3538 qui
922 3456 1027 3538 paulo
1058 3463 1140 3520 ante
1168 3456 1204 3519 in
1235 3455 1402 3536 Angliam

450 3556 647 3634 transierat,
678 3556 790 3638 ipsum
814 3576 893 3620 cum
921 3557 1074 3619 maximo
1102 3554 1255 3637 suscepit
1275 3555 1403 3636 gaudio

451 3654 640 3720 ethonore.

500 3753 681 3832 Emanuel,
695 3755 882 3837 imperator
898 3752 1317 3835 constantinopolitanus,
1335 3751 1404 3815 sol-

486 3998 494 4030 ¹
511 4002 607 4049 ‘filium
617 4001 636 4060 ;’
646 4003 685 4051 M.
700 3982 708 3998 ⁶
976 4001 987 4034 ⁸
1004 4005 1067 4065 ‘per
1085 4003 1210 4064 quendam
1229 4003 1404 4052 carbonarium

486 4068 497 4097 ²
511 4072 553 4118 ‘ei
561 4067 577 4130 ς’
590 4070 630 4119 Μ.
941 4074 1070 4123 inventum
1084 4073 1204 4122 reductus
1213 4068 1230 4132 ;'
1242 4067 1310 4122 ΠΛ.

489 4137 499 4166 ¹
515 4141 559 4187 ‘et
572 4140 641 4188 Pons
650 4135 666 4200 ;’
679 4137 747 4190 D'A.
759 4147 783 4190 et
794 4143 841 4193 Ar.

486 4206 496 4236 ⁴
512 4209 702 4259 ‘Navariorum
713 4206 728 4269 ;'
739 4211 778 4261 M.
977 4207 987 4245 ⁷
1003 4213 1051 4261 See
1067 4227 1083 4260 a
1099 4212 1149 4260 full
1166 4215 1274 4261 account
1286 4212 1313 4260 in
1327 4211 1408 4260 Baro·

488 4276 498 4306 ⁸
514 4279 695 4342 ‘Burdegaliae
707 4276 721 4341 ;’
735 4283 773 4330 M.
942 4282 1008 4344 nius,
1019 4283 1073 4332 xix.
1085 4286 1142 4330 5⁰1.
