3170 5020
605 471 784 522 inurens.
1103 455 1169 520 359

215 625 306 709 q'uod
326 626 516 691 murratum
540 625 654 692 luerat
675 646 738 709 pro
754 626 908 694 exercitu
924 646 988 693 suo
1003 627 1040 694 in
1058 626 1165 694 Flan-

215 726 321 790 driam
351 725 612 791 transvehendo.
671 725 768 793 Villa
792 734 907 794 autem
934 727 984 799 de,
998 727 1163 792 Winche·
1177 746 1320 808 meane

214 825 331 904 leseia,
359 827 420 890 ubi
444 834 565 909 portus
594 833 680 904 erat,
707 834 987 910 supermontem
1014 829 1082 894 sita
1110 834 1163 892 est
1175 797 1309 889 ῗὲὲἷῖὶῗέῗ

214 933 398 1009 praeruptae
418 926 624 1004 altitudinis,
648 946 753 993 exeo
774 927 966 1010 lateraque
992 929 1048 992 vel
1067 947 1163 992 mare

214 1027 368 1110 respicit,
391 1026 446 1092 vel
469 1027 624 1091 imminet
651 1027 792 1091 navium
814 1027 969 1105 stationi,
991 1029 1082 1093 unde
1104 1028 1162 1092 via

214 1145 292 1208 quae
322 1145 344 1191 a
374 1135 476 1208 porta
501 1126 594 1192 villae
620 1124 761 1192 deducit
783 1125 828 1191 ad
859 1135 1009 1209 portum,
1036 1148 1105 1193 non
1126 1128 1162 1191 in

214 1225 381 1290 directum
408 1225 470 1314 (ne
498 1225 607 1292 nimia
629 1225 827 1294 declivitate
856 1227 1100 1294 descendentes
1125 1227 1162 1294 in

214 1324 455 1408 praecipitium,
487 1327 543 1391 vel
565 1325 787 1394 ascendentes
816 1346 934 1408 repere
953 1328 1069 1409 potius
1090 1345 1162 1390 ma-

214 1425 314 1490 nibus
341 1444 444 1508 quam
469 1426 644 1492 ambulare
666 1422 800 1511 cogat)
818 1426 991 1507 tenditur;
1015 1428 1075 1491 sed
1099 1427 1160 1491 ob·

213 1524 310 1607 liqua
333 1526 370 1589 in
395 1524 487 1590 latus
511 1545 601 1590 nunc
628 1524 672 1590 ad
699 1544 804 1590 unam
829 1533 975 1608 partem,
1002 1546 1094 1592 nuno
1117 1526 1161 1590 ad

214 1624 331 1702 aliam,
351 1625 501 1690 sinuosis
517 1625 665 1690 flexibus
682 1626 809 1708 saepius
825 1633 1038 1691 recurvatur.
1068 1626 1160 1702 ¹Cin-

213 1724 307 1805 gitur
332 1724 553 1790 nihilominns
585 1724 669 1790 villa
701 1745 770 1790 non
801 1745 899 1790 muro
928 1726 1077 1809 lapideo,
1100 1725 1161 1790 sed

214 1844 342 1906 aggere
363 1824 405 1890 de
429 1833 523 1891 terra
547 1825 652 1903 facto,
674 1843 716 1890 ac
741 1845 845 1909 super
866 1825 959 1890 latus
981 1825 1047 1890 hoc
1074 1845 1161 1909 prae·

212 1932 352 2007 ruptum
379 1925 415 1988 in
443 1926 583 1991 modum
609 1919 831 1990 ¹moeniorum
853 1926 897 1990 ad
922 1925 1081 1990 humanae
1109 1925 1160 1992 al·

213 2025 394 2090 titudinem
426 2032 570 2090 staturae
595 2033 732 2105 erect03
768 2026 859 2091 inter
879 2026 980 2110 cnjus
1010 2045 1161 2110 propug-

214 2124 339 2188 nacula
353 2130 450 2206 patet
465 2125 509 2188 ad
528 2143 634 2188 naves
651 2123 845 2207 adspectus.

265 2223 448 2304 Ingressus
471 2224 590 2306 itaque
612 2243 674 2288 rex
694 2224 824 2301 villam,
850 2243 927 2287 cum
944 2223 1051 2307 juxta
1072 2222 1160 2287 hanc
1173 2247 1297 2296 regemn·

213 2323 396 2404 equitaret,
417 2322 507 2387 inter
530 2324 668 2405 aggeris
690 2322 952 2406 propugnacula
967 2321 1161 2387 contuendo
1172 2297 1302 2396 tillidi&

214 2421 359 2488 classem
388 2423 425 2490 in
450 2423 519 2488 imo
542 2429 703 2499 stantem,
736 2423 883 2504 contigit
904 2428 943 2486 ut
966 2421 1161 2487 molendino
1174 2397 1313 2437 w¹¹¹⁰¹¹⁰¹'⁰⁸'

213 2521 349 2588 cuidam
372 2522 465 2605 quod
487 2529 590 2587 vento
607 2523 777 2604 agebatur
797 2520 1008 2609 (cujusmodi
1022 2523 1058 2585 in
1077 2521 1161 2585 villa

212 2621 273 2686 illa
300 2629 382 2686 sunt
407 2618 572 2707 plurima)
596 2622 902 2705 appropinquaret,
925 2615 1022 2705 'ejus
1051 2640 1160 2702 equus

213 2722 360 2804 strepitu
377 2722 543 2799 velorum,
562 2722 703 2786 citatius
730 2721 1013 2786 circumactorum
1040 2739 1160 2785 aven·

213 2828 262 2898 to,
287 2822 439 2896 territus,
461 2821 542 2886 dum
566 2821 729 2904 progredi
753 2822 891 2902 refugit,
914 2828 951 2886 et
976 2839 997 2884 a
1018 2839 1099 2902 rege
1121 2828 1162 2885 ut

212 2922 478 3004 progrederetur
506 2940 597 2984 nunc
628 2920 757 3003 flagelli
791 2921 883 3004 quod
910 2940 1014 2985 manu
1042 2927 1159 3003 gesta-

213 3022 273 3085 bat
296 3021 434 3098 ictibus,
457 3040 547 3086 nunc
574 3021 720 3085 subditis
745 3021 938 3089 calcaribus
968 3028 1160 3103 urgeretur,

214 3139 236 3184 a
251 3120 360 3186 latere
375 3121 512 3202 aggeris
529 3119 791 3204 propugnacula
807 3121 1005 3186 transilivit.
1048 3120 1160 3202 Super

214 3238 283 3301 quo
301 3220 486 3285 multitudo
501 3227 573 3286 tem
594 3221 751 3302 equitum
771 3239 875 3303 quam
895 3220 1062 3304 peditum,
1080 3239 1158 3302 quae

213 3319 269 3385 vel
298 3339 414 3401 regem
442 3322 662 3403 sequebatur,
696 3319 752 3384 vel
781 3321 894 3402 ipsum
927 3320 1044 3384 visura
1078 3339 1160 3383 con·
1192 3387 1193 3390 ,

213 3426 368 3496 venerat,
397 3413 548 3484 ³nemine
580 3419 675 3484 aliud
712 3420 884 3484 aestimare
927 3418 1065 3483 valente
1094 3419 1161 3482 nisi

214 3519 306 3603 qnod
328 3539 390 3584 rex
410 3519 486 3603 jam
509 3539 578 3584 non
601 3538 804 3601 comparens
825 3518 1016 3602 praecipitio
1038 3518 1072 3582 in
1095 3517 1161 3583 hoc

213 3619 306 3684 saltu
318 3620 489 3703 periisset,
511 3620 628 3684 stabat
645 3618 829 3683 admodum
846 3618 1061 3701 stupefacta;
1088 3619 1161 3695 sed,

213 3719 331 3785 divina
354 3719 558 3802 disponente
590 3718 730 3796 virtute,
759 3737 867 3800 equus
898 3736 920 3781 a
952 3724 1053 3782 tante
1082 3717 1161 3782 alti-

214 3819 332 3884 tudine
355 3819 391 3883 in
416 3819 474 3884 via
496 3838 600 3902 quam
625 3818 868 3901 descripsimus
902 3817 1046 3900 pedibus
1077 3818 1163 3883 reci-

214 3919 319 4003 pitur,
343 3919 379 3982 in
408 3938 478 4002 qua
506 3939 549 3982 ex
575 3926 712 3983 recente
746 3918 866 4001 pluvia
888 3916 1085 4001 aliqualiter
1105 3936 1162 3982 so·

250 4145 257 4176 ¹
274 4147 340 4197 ‘i.e.
357 4143 502 4206 moenium;’
523 4144 609 4195 D'A.=
627 4145 673 4194 but
735 4138 882 4206 ¹‘cnjus;’
899 4137 967 4194 ΠΛ.
978 4140 1130 4194 Mallo«

210 4217 325 4338 {ghend
344 4214 393 4266 Ar.
416 4220 466 4266 22⁰
487 4215 551 4264 have
569 4215 671 4265 ‘nemo-
696 4211 746 4336 Aa:
759 4214 875 4264 ‘nemine
897 4213 969 4263 allud
993 4205 1163 4272 aesdmante;'
