3170 5020
575 499 760 551 ansanus.
1082 487 1148 552 395

246 647 309 719 ¹In
323 653 412 721 festo
430 652 668 734 PentecosteS‚
685 657 792 722 linitis
818 657 948 740 treugis
965 677 1044 741 quae
1068 677 1145 723 cum
1161 680 1252 720 meur

197 754 313 818 Sectis
330 756 428 820 initae
445 755 594 834 fuerant,
610 776 673 820 rex
691 759 783 821 circa
800 757 925 821 festum
943 757 979 822 S.
998 758 1022 823 J
1024 760 1147 823 oannis
1161 729 1291 827 iffi&

196 855 367 937 Baptistae
385 855 422 918 in
448 855 600 920 Scotiam
623 856 853 938 proficiscitur
879 857 1035 923 exercitu
1061 859 1147 923 adu·
1161 832 1298 920 ilidii-¹⁸

197 960 291 1018 nato.
344 955 506 1036 Dumque
528 955 564 1020 in
590 955 709 1020 Sectia
735 956 912 1034 hiemaret,
938 958 993 1020 sui
1020 960 1149 1023 multos
1160 942 1213 982 Μ’

198 1072 305 1136 equos
335 1073 481 1136 magnos
507 1055 740 1137 perdiderunt,
766 1064 908 1139 propter
935 1057 1062 1138 foragii
1093 1059 1150 1122 de-

196 1152 323 1216 fectum
341 1159 494 1237 tempore
510 1155 649 1237 frigoris
669 1155 837 1221 hiemalis.
884 1155 1014 1220 Tenuit
1031 1165 1150 1222 autem
1237 1239 1239 1244 ι

197 1271 260 1316 rex
292 1253 384 1336 apud
424 1253 575 1318 Linlisco
602 1255 736 1320 festum
771 1255 964 1320 Dominieae
1006 1254 1149 1322 Nativi-

196 1351 291 1416 tatis.

217 1563 243 1599 D.
256 1565 281 1601 N.
292 1565 312 1602 J.
324 1565 348 1601 0.
437 1565 461 1602 P.
473 1565 636 1602 ROMANORUM
649 1567 675 1602 it.
783 1567 938 1604 FRANGORUM
988 1569 1128 1606 ANGLORUM

237 1651 331 1690 mecon.
378 1652 505 1688 nourrrcu
515 1651 569 1688 vm.
600 1651 707 1688 sennan
719 1654 738 1689 1.
782 1653 940 1692 rururmrv.
983 1655 1102 1692 anurnnr
1113 1656 1134 1692 1.

843 1713 882 1760 17.
1037 1717 1077 1762 30.

248 1849 334 1914 Rnx
359 1849 497 1934 Angliae
523 1851 567 1914 ad
586 1851 789 1916 instantiam
808 1853 900 1933 regis
923 1853 1248 1932 Francorum,rtm00

197 1949 297 2033 cujus
328 1970 438 2033 nuper
473 1970 626 2016 sororem
662 1951 823 2028 duxerat,
861 1951 974 2017 scotis
1006 1961 1148 2035 treugas
1160 1926 1279 2015 iiiiii?

196 2067 305 2130 usque
331 2050 375 2113 ad
398 2049 524 2113 festum
541 2050 704 2114 Omnium
723 2051 928 2114 Sanctorum
950 2055 1122 2117 concessit
1137 2073 1146 2133 3
1160 2026 1303 2115 i¹i¹ri1¹i⁹¹⁰ast

198 2147 433 2230 ordinatisque
462 2149 564 2211 rebus
590 2149 729 2225 Scotiae,
755 2169 914 2213 reversus
940 2158 993 2214 est
1018 2151 1055 2214 in
1076 2150 1148 2215 An.

197 2245 315 2326 gliam,
337 2240 386 2311 ²et
412 2248 505 2310 eirca
527 2247 675 2310 mediam
693 2247 1005 2328 Quadragesimam
1020 2251 1147 2332 parlia-

1160 2126 1262 2165 Hallows.

195 2453 258 2504 dicti
274 2456 346 2517 regni
360 2455 474 2519 Angliae,
489 2455 658 2516 praesentibus
683 2453 754 2502 laudi
775 2468 825 2502 uon
849 2454 952 2517 habere,
969 2457 1084 2516 quamvis
1103 2471 1149 2517 per

197 2529 256 2574 sunt
279 2539 400 2588 appensa.
456 2526 526 2576 Data
550 2529 576 2574 et
601 2528 659 2573 acta
684 2523 797 2572 occultas
816 2524 923 2573 insidias
943 2525 1060 2588 Anglicis
1078 2540 1148 2586 saepe

198 2593 267 2655 apud
292 2596 448 2643 Lincolniam
470 2609 535 2643 anuo
555 2595 659 2643 Domini
684 2598 834 2641 nocumenta
860 2593 988 2656 inferrent,
1015 2600 1147 2657 sperantes

199 2661 318 2714 MGCO!
352 2664 429 2714 Hem.
443 2669 498 2713 188.
684 2663 792 2710 reditum
811 2664 879 2724 regis
895 2663 923 2711 in
940 2663 1062 2726 Angliam
1082 2666 1148 2714 cele·

235 2729 242 2759 ¹
260 2733 330 2782 Here
348 2733 391 2782 the
411 2735 471 2784 Cori.
491 2733 557 2782 Mer.
576 2732 659 2782 varies
683 2747 746 2793 rem,
757 2733 931 2782 utaudaciam
942 2733 1052 2783 hostium
1066 2736 1147 2796 repri-

197 2815 226 2850 as
234 2801 494 2852 followsfromallthe
502 2803 573 2851 other
582 2803 658 2850 MSS.
684 2802 1148 2864 meret,pert0tamhiememinScotia

196 2871 334 2922 ‘Decessit
349 2872 396 2922 hoc
415 2887 481 2922 anno
497 2887 579 2921 comes
596 2870 659 2921 Gor·
684 2870 753 2932 apud
766 2871 886 2933 Linlisco,
896 2874 942 2920 ubi
953 2878 978 2920 et
989 2873 1080 2922 festum
1093 2875 1147 2924 Na·

197 2943 282 2991 nubiae
297 2942 473 3005 Eadmundus,
484 2944 559 3004 cujus
573 2942 658 3002 sepul·
683 2941 743 2990 talis
758 2941 862 2990 Domini
875 2943 965 3004 tenuit,
984 2944 1147 2996 morabatur.'

197 3015 262 3060 turae
274 3013 300 3062 iu
314 3012 423 3062 ecclesia
437 3011 615 3062 monachorum
626 3012 658 3060 de
720 3007 730 3036 ⁹
746 3010 816 3060 Here
825 3012 885 3060 Cori.
893 3013 958 3061 Mer.
971 3012 1017 3062 has
1029 3028 1062 3062 an
1073 3014 1146 3062 addi-

199 3080 299 3142 Hayles
320 3083 418 3143 placuit
436 3082 501 3144 regi,
519 3082 581 3143 quia
601 3095 660 3129 con·
683 3080 762 3128 tional
781 3085 898 3130 sentence
915 3087 958 3130 not
973 3085 1107 3146 occurring
1119 3084 1145 3132 in

198 3151 354 3211 sanguineus
365 3153 421 3212 ejus
439 3156 501 3212 erat,
512 3165 583 3199 suam
595 3165 659 3210 prae·
684 3149 727 3198 the
744 3149 816 3198 other
835 3150 912 3200 MSS.
946 3151 1021 3200 ‘Rex
1042 3153 1145 3215 Angliae

198 3221 304 3268 sentiam
325 3219 453 3270 exhibere.
496 3221 537 3269 De
560 3220 660 3280 Hayles
686 3219 837 3269 Paschelem
866 3220 1048 3270 solemnitatem
1076 3224 1146 3284 apud

199 3302 258 3336 vero
266 3290 329 3338 abiit
340 3289 510 3350 usque—ubi
520 3289 602 3337 tenuit
610 3288 660 3338 les-
685 3288 790 3337 Divisae
800 3285 915 3352 [tenuit3]
927 3293 951 3337 et
959 3291 1052 3352 stetim,
1060 3306 1147 3351 perac-

199 3362 252 3406 tum
266 3358 400 3408 Paschale.
437 3359 501 3408 Post
511 3359 566 3408 haec
574 3359 660 3407 visita·
685 3361 712 3406 ta
734 3358 899 3420 solemnitate,
918 3359 1070 3408 Wintoniam
1090 3376 1148 3423 pro·

199 3429 237 3477 vit
247 3429 348 3478 beatum
358 3429 479 3476 'rhomam
491 3428 661 3490 Herefordiae,
685 3428 792 3488 paravit.
828 3429 880 3476 Ubi
892 3443 948 3476 cum
968 3429 995 3476 in
1007 3435 1090 3478 casuo
1102 3447 1147 3480 rex

199 3503 225 3545 et
242 3498 293 3546 alia
312 3500 368 3547 loca
388 3503 484 3560 sancta,
504 3498 660 3559 expectando
686 3497 809 3558 etregina
820 3497 1010 3558 quodamnocte
1021 3499 1146 3560 profundo

199 3568 296 3616 exitum
318 3572 474 3629 treugarum,
495 3582 553 3616 cum
579 3568 661 3616 Sectis
687 3581 772 3615 somno
780 3571 932 3627 tenerentur,
943 3569 1059 3628 ruptione
1069 3571 1146 3620 unius

199 3637 328 3699 initarum,
355 3651 437 3698 usque
466 3637 500 3686 ad
527 3637 661 3686 terminum
686 3637 779 3684 camini
793 3651 879 3686 omnes
894 3652 941 3698 per
956 3638 1090 3687 circuitum
1105 3655 1148 3690 ca·

200 3706 373 3756 Pentecostes.
415 3707 499 3768 Igitur
514 3706 618 3755 infesto
633 3707 660 3756 S.
686 3721 761 3754 merae
781 3711 841 3754 sunt
859 3721 982 3756 accensa.
1019 3709 1071 3758 Ubi
1088 3725 1147 3760 vero

199 3775 307 3824 Jcannis
330 3775 454 3837 Baptistae
473 3775 602 3838 proiectus
623 3781 661 3824 est
687 3775 879 3837 perpendissent
900 3777 1050 3838 periculum,
1070 3780 1147 3828 assis-

198 3859 244 3892 rex
255 3860 312 3893 cum
325 3845 437 3894 exercitu
448 3847 475 3894 in
486 3847 606 3908 Scotism,
616 3846 661 3894 ob·
686 3850 753 3894 tante
777 3847 931 3906 protectione
957 3846 1076 3911 [divina]
1101 3863 1148 3910 per

199 3914 314 3976 seditque
321 3920 432 3964 castrum
439 3916 472 3963 de
477 3915 661 3979 “Bochenhille
686 3915 778 3964 ostium
791 3915 917 3976 quoddam
928 3916 1062 3976 parvulum
1073 3919 1098 3966 in
1109 3920 1147 3968 la·

197 3983 265 4045 quod
287 3985 341 4033 sine
365 3984 512 4034 difficultate
535 3985 662 4033 redditum
686 3989 738 4033 tere
757 3999 873 4047 camerae,
886 3985 954 4046 quod
971 3985 1093 4036 hactenus
1109 3990 1146 4037 la-

198 4055 467 4116 estregiaevoluntati.
499 4054 662 4115 Perpendens
687 4057 778 4112 tuerat,
798 4056 904 4116 egressi,
919 4069 1016 4104 omnem
1035 4058 1146 4106 incendii

198 4128 282 4173 autem
304 4125 392 4173 Scotos
410 4128 559 4186 potestatem
582 4124 663 4172 rebel·
688 4124 828 4172 molestiam
841 4121 990 4174 evaserunt?

493 4253 504 4279 ⁸
519 4243 655 4299 ‘Boukill‘
665 4250 692 4297 in
704 4250 745 4298 the
755 4251 849 4300 Merse.
