3180 5026
801 493 873 559 rub
891 509 1039 558 rarvnrr

903 844 928 890 7.
1101 843 1126 889 7.
1175 859 1185 874 ··

280 1006 430 1050 coeratrnen·
509 989 749 1054 Cmunsrruus
784 1007 887 1071 papa,
926 1008 1005 1052 cum
1037 987 1184 1053 sedisset
1221 987 1396 1052 mensibus

280 1059 368 1105 elected,
377 1057 420 1096 and

282 1111 334 1149 dies.

282 1221 361 1263 Lucius
370 1221 401 1260 11.

283 1273 389 1312 succeeds.

285 1591 321 1629 Ste
335 1589 377 1628 hen

284 1600 377 1687 hardegon

284 1689 379 1729 Liueoln.

288 2401 369 2441 Geoffre
393 2402 419 2442 de

287 2413 399 2492 Malnridle

284 2503 303 2542 le
311 2503 384 2543 killed.

445 1077 609 1173 quinque,
627 1087 746 1152 diebus
764 1103 860 1165 x111.,
875 1089 972 1166 obiit,
990 1095 1025 1152 et
1047 1089 1083 1152 in
1102 1087 1328 1152 Lateranensi
1343 1107 1396 1151 ec-

446 1191 552 1255 clesia
568 1189 723 1272 sepultus
734 1193 799 1266 est,
811 1188 867 1252 cui
885 1187 1014 1252 Lucius
1028 1189 1200 1252 secundus
1217 1187 1395 1252 successit.

448 1291 519 1354 Hic
548 1289 688 1353 natione
719 1287 960 1366 Bononiensis,
993 1306 1071 1352 cum
1100 1295 1192 1353 esset
1216 1290 1396 1372 presbyter

447 1387 630 1455 cardinalis
641 1387 733 1452 tituli
750 1387 887 1452 Sanctae
902 1385 1033 1465 Crucis,
1054 1394 1162 1453 totam
1179 1384 1275 1452 illam
1286 1387 1396 1452 eccle·

446 1489 533 1554 siam
546 1487 727 1553 renovavit
742 1507 765 1552 a
778 1486 896 1552 fundo.

497 1581 694 1671 Stephanus
713 1607 776 1651 rex
791 1595 942 1652 castrum
958 1585 1159 1662 Lincolniae,
1175 1585 1268 1668 quod
1282 1603 1397 1650 comes

449 1687 593 1752 Cestriae
610 1687 731 1763 tenuit,
754 1685 904 1752 secundo
921 1684 1075 1766 obsedit;
1100 1686 1158 1749 ubi
1178 1685 1261 1748 dum
1285 1685 1397 1749 muni-

447 1788 575 1852 tionem
591 1790 795 1863 exstrueret,
812 1785 978 1869 operariis
993 1786 1108 1850 subita
1121 1785 1272 1850 hostium
1285 1785 1397 1868 irrup

448 1887 542 1952 tione
574 1880 792 1968 ¹profligatis,
825 1906 887 1951 rex
919 1887 994 1969 ipse
1026 1885 1190 1950 confusus
1219 1885 1396 1949 abscessit.

448 1984 554 2069 Apud
573 1985 772 2051 Norwieum
793 1987 998 2051 immensum
1018 1991 1251 2069 perpetratum
1276 1992 1329 2050 est
1346 1985 1398 2048 fa-

448 2085 546 2150 cinus
572 2104 594 2149 a
621 2085 766 2163 Judaels,
792 2086 911 2170 quiin
938 2085 1162 2169 opprobrium
1189 2083 1397 2149 Christianae

449 2185 541 2263 fidei,
565 2188 600 2250 et
622 2185 814 2251 Salvatoris
835 2185 944 2252 nostri
969 2183 1228 2268 blasphemiam,
1251 2203 1397 2268 puerum

449 2285 629 2368 cujusdam
655 2285 836 2364 Catholici,
870 2285 1010 2350 immani
1038 2283 1253 2362 crudelitate,
1284 2281 1396 2349 crucis

448 2383 633 2464 affixerunt
662 2385 828 2470 patibulo.
888 2383 1067 2450 Galil-idus
1097 2385 1140 2449 de
1168 2379 1397 2466 Magnavilla,

446 2484 482 2548 in
515 2485 692 2550 obsidione
726 2485 832 2549 castri
859 2485 1006 2562 hostilis,
1039 2504 1060 2548 a
1089 2485 1238 2568 quodam
1268 2477 1398 2567 ²pedite

448 2585 578 2666 sagitta
610 2601 793 2667 percussus
825 2585 860 2648 in
891 2585 1016 2667 capite,
1046 2592 1126 2668 post
1159 2584 1233 2648 dies
1266 2583 1398 2665 aliquot

447 2683 650 2765 exspiravit.
731 2683 860 2747 Similis
897 2683 1058 2749 factionis
1090 2683 1192 2750 homo
1223 2681 1398 2748 Robertus

449 2781 646 2866 Marmyun,
668 2781 810 2847 invasor
830 2783 1029 2848 monasterii
1050 2782 1319 2848 conventrensis
1336 2801 1399 2847 ex·

448 2881 553 2945 clusis
563 2881 750 2962 monachis,
762 2899 839 2947 cunr
858 2891 979 2948 contra
993 2882 1211 2948 Cestrensem
1227 2883 1399 2961 comitem,

448 2995 526 3044 cum
555 2981 753 3064 ingentibus
783 2983 892 3065 copiis
916 2983 1173 3061 adventantem,
1208 2983 1397 3047 exercitum

448 3088 618 3163 parasset,
654 3082 690 3144 in
721 3075 986 3166 ³prospectuque
1025 3082 1176 3147 omnium
1215 3089 1399 3164 spumante

448 3179 632 3244 veheretur
654 3181 691 3244 in
717 3199 806 3264 equo
833 3191 953 3247 contra
978 3181 1107 3261 hostes,
1126 3183 1161 3245 in
1187 3181 1323 3246 foveam
1347 3181 1399 3245 in-

446 3278 543 3354 uidit,
555 3287 592 3344 et
607 3280 686 3344 dum
703 3280 813 3345 llacto
827 3281 955 3346 femore
974 3295 1149 3363 emergere
1168 3298 1235 3345 non
1254 3281 1398 3360 valeret,

447 3377 632 3461 aquodam
657 3381 766 3462 partis
789 3380 943 3446 adversae
969 3381 1119 3445 satellite
1142 3381 1255 3463 capite
1273 3381 1398 3465 plexus

446 3479 567 3560 praelio
584 3479 683 3544 finem
699 3479 805 3547 dedit.

499 3576 579 3642 Rex
597 3579 807 3644 Francorum
822 3581 982 3645 comitem
995 3577 1196 3664 Campaniae
1209 3581 1252 3645 ad
1265 3599 1397 3664 pacem,

362 3683 364 3688 ’
446 3677 619 3742 mediante
635 3679 814 3744 Bernardo
836 3678 1085 3745 Clarevallensi
1105 3681 1242 3758 abbate,
1257 3679 1398 3763 recepit.

289 3809 368 3848 Arnold
377 3808 402 3848 of

288 3860 374 3899 Breroia
382 3861 400 3898 le

287 3909 425 3950 condemned.

448 3775 597 3854 Quidam
616 3778 762 3842 Italicus
782 3777 958 3843 Arnaldus
979 3779 1021 3844 de
1040 3777 1172 3858 Brixia,
1188 3780 1397 3845 artissimam

449 3877 557 3940 vitam
573 3875 713 3954 ducens,
730 3879 858 3943 multos
881 3880 1045 3962 pestifera
1061 3880 1218 3944 doctrina
1232 3881 1372 3944 seduxit
1386 3897 1395 3955 ;

450 3976 521 4058 qui,
538 3975 618 4039 dum
642 3975 765 4040 Romae
787 3979 989 4044 clericorum
1013 3979 1151 4044 divitias
1166 3987 1202 4043 et
1216 3979 1398 4062 superflui·

485 4162 549 4214 ιΑΗ
566 4167 608 4215 the
624 4169 868 4230 manuscriptsbsve
884 4172 911 4220 in
936 4187 976 4220 we
1001 4171 1066 4220 heve
1093 4171 1191 4221 altered
1218 4171 1260 4220 the
1287 4175 1341 4220 text
1369 4185 1398 4220 as

449 4235 500 4283 this
511 4237 584 4297 place
596 4239 603 4265 ‘
613 4237 775 4300 praefocatis?
787 4241 910 4302 implying
936 4243 1024 4290 above.

448 4307 456 4333 ⁴
469 4302 582 4354 choked'
594 4322 622 4355 or
633 4312 640 4336 ⁸
651 4310 779 4371 straugled
789 4306 805 4368 ;’
816 4311 871 4370 but,
880 4325 909 4358 as
970 4308 1087 4373 ²‘pedite
1094 4311 1224 4373 sagittario
1233 4311 1327 4372 sagitta
1333 4306 1347 4371 3'
1357 4311 1397 4361 M.

449 4375 491 4424 the
509 4391 581 4425 sense
595 4379 681 4426 would
696 4380 727 4428 be
747 4379 908 4438 far-setched.
972 4379 1145 4442 ³‘conspectu
1155 4376 1170 4442 ;’
1183 4382 1221 4430 M.
1234 4383 1259 4431 et
1270 4379 1317 4430 Ar.
