3170 5020
432 493 499 559 388
793 511 867 559 u1c.
884 510 1032 557 rnrvnrr

275 684 381 728 mvur'n
436 676 537 735 caute
565 667 689 732 deiude
716 687 824 750 regno
854 668 992 746 Scotiae,
1020 688 1083 751 per
1107 676 1252 741 mortem
1273 666 1384 735 Alex-

273 737 331 787 reply
340 743 363 776 tc

275 789 381 838 tuem.
437 769 537 833 andri
565 769 656 850 regis
686 767 791 846 illius,
818 775 853 832 et
880 770 1130 852 subsequenter
1152 788 1214 851 per
1239 776 1383 834 mortem

439 869 648 950 Margaretae
676 867 830 951 ejusdem
855 868 982 933 Scotiae
1009 869 1138 951 reginae
1168 875 1203 933 et
1227 868 1384 944 dominae,

438 968 614 1052 proneptis
633 974 771 1045 nostrae,
796 969 960 1050 episcopi,
982 969 1138 1045 abbates,
1162 969 1304 1051 priores,
1330 987 1385 1032 co-

438 1069 539 1133 mites
572 1075 608 1131 et
637 1068 796 1144 barones,
827 1086 986 1150 proceres
1019 1076 1055 1132 et
1097 1069 1202 1132 ceteri
1239 1067 1384 1144 nobiles,

439 1177 475 1233 et
506 1168 769 1232 communitates
804 1168 912 1232 totius
945 1167 1044 1250 regui
1075 1167 1213 1244 Scotiee,
1246 1167 1290 1231 ad
1322 1186 1385 1231 uos

439 1274 606 1351 tanquam
626 1267 670 1331 ad
693 1266 918 1343 defensorem,
940 1267 1075 1344 ducem,
1096 1269 1265 1349 aurigam,
1291 1268 1385 1349 capi-

440 1374 592 1442 tansum,
621 1374 656 1430 et
685 1366 861 1430 domiuum
888 1366 1072 1448 capitalem
1107 1367 1260 1451 ejusdem
1287 1367 1385 1448 regni

440 1466 491 1531 sic
516 1466 686 1542 vacantis,
712 1466 822 1547 gratis
848 1474 884 1530 et
908 1473 1101 1549 spontanea
1129 1467 1309 1531 voluntate
1329 1485 1387 1530 ac-

441 1567 613 1642 cedentes,
627 1572 730 1648 prout
743 1567 950 1630 tenebantur
968 1565 1011 1629 de
1028 1566 1120 1650 jure,
1135 1566 1195 1648 jus
1218 1572 1386 1642 nostrum,

440 1666 698 1748 progenitorum
722 1671 758 1729 et
783 1674 1050 1743 autecessorum,
1073 1685 1114 1730 ac
1135 1661 1385 1748 possessionem

441 1765 627 1847 superioris
660 1771 694 1828 et
728 1765 849 1830 directi
880 1764 1021 1828 dominii
1053 1765 1090 1828 iu
1119 1784 1226 1846 regno
1255 1765 1386 1842 eodem,

441 1871 477 1929 et
500 1864 609 1946 ipsius
634 1864 732 1944 regni
759 1865 1019 1949 subjectionem,
1041 1885 1086 1928 ex
1109 1874 1205 1930 certa
1230 1865 1384 1942 scientie,

441 1983 539 2045 pure,
561 1962 773 2045 simpliciter,
800 1971 835 2029 et
857 1964 1015 2029 absolute
1035 1973 1325 2046 recognoverunt;
1352 1974 1387 2030 et

441 2063 607 2145 praestitis
632 2063 676 2126 ab
700 2063 750 2127 eis
774 2063 884 2141 nobis,
908 2071 1073 2147 tanquam
1097 2065 1265 2146 superiori
1284 2070 1320 2128 et
1337 2064 1388 2127 di-

441 2171 536 2227 recto
563 2163 701 2226 domino
726 2162 864 2239 Scotiae,
894 2163 1018 2229 debitis
1048 2171 1083 2228 et
1106 2164 1280 2228 consuetis
1305 2163 1387 2228 fide·

442 2263 550 2328 litatis
573 2262 792 2346 juramentis,
819 2282 860 2326 ac
885 2263 1097 2340 civitatibus,
1121 2264 1253 2345 burgis,
1281 2263 1385 2340 villis,

441 2363 577 2438 cestrie,
606 2368 641 2426 et
667 2362 791 2426 ceteris
816 2355 1077 2427 ¹mansionibus
1108 2363 1263 2446 ejusdem
1290 2365 1388 2444 regni

441 2463 478 2525 in
502 2480 642 2526 manum
664 2468 816 2526 nostram
842 2461 990 2540 traditis,
1016 2462 1060 2525 ad
1085 2463 1276 2527 custodiam
1298 2463 1389 2546 ejus·

442 2562 519 2626 dem
546 2561 644 2643 regui
677 2567 791 2626 certos
819 2561 898 2644 jure
939 2568 1057 2626 nostro
1099 2563 1195 2644 regio
1225 2560 1387 2626 officiales

442 2669 476 2727 et
504 2662 681 2725 ministros
707 2660 961 2742 deputavimus
989 2662 1114 2744 quibus
1142 2663 1209 2745 ipsi
1236 2669 1390 2744 tempore

441 2761 632 2825 vacationis
654 2760 758 2844 hujus
780 2760 995 2826 concorditer
1014 2761 1154 2826 fuerunt
1178 2761 1387 2839 obedientes,

441 2867 477 2924 et
503 2859 721 2924 intendentes
743 2860 847 2942 regiis
873 2861 1001 2926 nostris
1023 2861 1204 2944 praeceptis
1230 2868 1265 2925 et
1290 2881 1388 2926 man·

439 2959 542 3023 datia.

492 3058 742 3123 ‘Postmodum
767 3068 883 3126 autem
906 3060 1052 3125 diverses
1068 3054 1258 3144 ²personae,
1283 3080 1389 3142 super

442 3159 659 3224 successione
682 3161 718 3223 in
736 3159 867 3225 dictum
884 3179 1030 3243 regnum
1048 3160 1174 3226 Scotiee
1197 3161 1276 3244 jure
1292 3160 1390 3224 here-

440 3259 566 3324 ditario
594 3260 683 3322 inter
709 3279 746 3324 se
773 3260 1031 3337 contendentes,
1061 3260 1105 3324 ad
1131 3279 1194 3326 uos
1222 3267 1388 3342 tanquam

441 3359 485 3423 ad
516 3359 725 3443 superiorem
752 3359 928 3424 dominum
957 3360 1054 3442 regni
1082 3360 1209 3424 Scotiae
1234 3378 1390 3424 accesse-

440 3468 534 3536 runt,
558 3465 714 3541 petentes
741 3479 844 3541 super
871 3460 1089 3523 successione
1111 3460 1208 3540 regni
1231 3459 1390 3542 praedicti

440 3559 507 3622 sibi
537 3575 599 3641 per
629 3577 692 3621 nos
724 3559 877 3622 exhiberi
898 3559 1047 3643 justitiae
1079 3559 1389 3641 complementum

440 3657 595 3724 volentes
616 3664 652 3721 et
676 3677 839 3741 expresse
861 3659 1115 3723 consentientes
1140 3678 1255 3723 coram
1278 3658 1390 3737 uobis,

440 3764 607 3840 tanquam
633 3776 749 3821 coram
775 3758 943 3841 superiori
968 3765 1003 3824 et
1025 3758 1154 3822 directo
1180 3758 1330 3834 domino,
1352 3759 1390 3820 in

440 3858 596 3922 omuibus
624 3856 824 3922 ordinandis
850 3866 943 3922 stare
973 3865 1010 3923 et
1035 3859 1283 3940 obtemperare.
1335 3855 1390 3922 Ac

439 3957 576 4021 demum
594 3957 808 4041 judicialiter
828 3958 1016 4041 propositis
1038 3966 1074 4022 et
1099 3956 1306 4021 sufficienter
1328 3976 1391 4021 au-

472 4226 481 4258 ¹
498 4221 899 4286 ‘munitionibus3‘Matt.West.:
957 4223 1119 4290 ²‘purtes;‘
1132 4224 1201 4280 D’A.

437 4296 522 4347 which
534 4297 597 4347 Hau
611 4311 735 4358 approves
746 4296 780 4346 os.
1182 4310 1186 4318 ·
