3252 5026
649 505 833 554 Anninus·
1149 491 1214 556 213

259 659 413 723 exercitu
431 659 613 743 dissipavit
628 662 664 725 in
682 663 789 739 brevi,
814 671 849 726 et
867 683 926 728 eos
944 665 987 728 ad
1005 665 1212 730 deditionem

257 765 417 840 potenter
441 762 565 841 coegit.
618 762 804 840 Hannone,
831 764 1003 829 Frederici
1025 767 1212 848 imperato·

259 859 306 921 ris
324 858 414 924 filius
432 881 476 923 ex
492 881 610 925 sorore
625 863 716 944 regis
732 860 933 945 Aragoniae‚
948 884 1035 947 puer
1051 866 1212 952 decennis

259 958 302 1021 de
319 960 483 1025 mandato
498 961 607 1043 patris
622 963 658 1025 in
678 981 820 1043 regnum
839 963 1053 1028 Alamanniae
1068 985 1211 1030 corona-

260 1064 327 1121 tur.
393 1059 488 1124 Obiit
522 1060 639 1125 Simon
670 1055 894 1128 ¹Exoniensis
927 1065 1122 1147 episcopus,
1156 1065 1212 1130 cui

259 1157 456 1223 Wiilelmus
485 1160 527 1224 de
559 1160 594 1224 la
623 1153 772 1225 ²Bruere
805 1159 981 1227 successit.
1034 1164 1212 1230 Walterus
1239 1213 1242 1220 .

262 1256 464 1323 MaucIerck
486 1253 543 1324 ³fit
565 1261 746 1344 episcopus
770 1260 1017 1340 Karieoiensis,
1042 1265 1101 1348 qui
1132 1272 1212 1347 post

262 1357 395 1440 aliquot
413 1378 535 1436 annos,
552 1361 738 1444 impetrata
755 1381 776 1424 a
791 1361 929 1426 domino
953 1381 1046 1445 papa
1072 1364 1212 1428 cedendi

260 1456 409 1534 licentia,
440 1459 594 1523 ordinem
616 1459 761 1526 fratrum
786 1460 1058 1526 Praedicatorum
1083 1464 1212 1546 ingres·

263 1575 323 1620 sus
351 1565 415 1634 est,
439 1559 535 1622 nulla
558 1560 624 1623 sibi
647 1559 689 1624 de
711 1560 913 1642 episcopatu
933 1563 1129 1644 provisione
1154 1584 1214 1646 pe·

263 1655 356 1721 nitus
386 1666 583 1737 reservata3
615 1660 674 1742 qui
706 1659 796 1723 inter
821 1660 945 1724 fratres
974 1664 1010 1725 in
1041 1671 1214 1728 conventu

263 1755 411 1821 Oxoniae
448 1758 611 1840 religiosa
648 1761 910 1825 conversatione
952 1781 1213 1840 consenescens

263 1857 373 1920 multa
398 1858 434 1920 in
460 1858 613 1923 aedificiis
641 1866 676 1922 et
698 1859 775 1923 aliis
801 1862 1022 1925 memoranda
1044 1855 1212 1945 *reliquit

263 1955 361 2020 Obiit
377 1956 586 2035 Willelmus,
605 1959 786 2042 episcopus
804 1959 1008 2025 Castrensis,

295 2157 320 2192 1).
333 2159 358 2194 N.
370 2158 390 2194 J.
402 2157 425 2194 O.
513 2159 535 2195 P.
548 2158 710 2194 ROMANORUM
723 2160 749 2195 R.
846 2160 1000 2196 rutucosuu
1052 2161 1191 2196 ANGLORUM

301 2245 423 2283 mccxxlv.
463 2246 808 2283 u0u01t11111.r1tsnuu10111.
830 2247 946 2282 nouovlcl
957 2247 1011 2284 vm.
1045 2248 1148 2283 fluuium
1160 2248 1200 2284 111.

316 2447 526 2512 Lonovmus
553 2447 765 2512 Francorum
793 2465 869 2524 rex,
897 2446 1092 2528 postposito
1116 2446 1292 2529 jura-mm.

264 2554 382 2612 mento
406 2548 498 2630 quod
528 2548 609 2612 oiim
636 2549 672 2610 in
695 2545 826 2628 Anglia
852 2546 1074 2628 praestiterat,
1101 2552 1217 2626 coepta
1227 2533 1320 2630 ἓξὲξ.

266 2649 376 2731 patris
403 2654 525 2711 contra
550 2667 665 2729 regem
688 2645 827 2729 Angiiae
857 2663 1079 2728 prosequens
1098 2631 1358 2722 villamffi'ssffi'

267 2747 303 2811 S.
320 2747 468 2811 Joannis
489 2747 672 2828 Angeliuci
695 2747 798 2830 cepit,
817 2752 852 2810 et
874 2765 936 2828 per
952 2743 1154 2810 Savaricum
1175 2744 1218 2809 de

267 2846 500 2912 Malo-Leone
533 2854 684 2911 castrum
716 2847 758 2911 de
792 2840 968 2910 ⁵Mordum
996 2846 1033 2908 in
1057 2844 1218 2909 Pictavia

266 2967 338 3011 suae
368 2949 587 3012 commissum
618 2947 796 3023 custodiae,
831 2946 929 3011 salvo
960 2945 1036 3027 ipso
1069 2954 1104 3010 et
1133 2945 1217 3020 suia

265 3047 435 3112 redditum
466 3055 520 3111 est
553 3047 626 3129 regi
662 3046 885 3110 Francorum
938 3044 1084 3109 Obsedit
1113 3045 1217 3109 etiam

267 3146 463 3212 Lodovicus
485 3147 683 3229 RupcIIam,
711 3163 815 3229 quam
840 3165 917 3210 cum
944 3145 1108 3209 trecentis
1132 3145 1218 3207 mili-

267 3248 359 3311 tibus
383 3246 548 3330 praofatus
567 3265 677 3330 nuper
693 3246 885 3309 intraverat
901 3245 1096 3309 savaricus.
1148 3243 1220 3322 Qui

268 3347 378 3428 primo
401 3365 438 3410 se
461 3346 606 3410 viriiiter
626 3344 849 3410 defendentes
874 3345 978 3407 etiam
1006 3343 1099 3424 regis
1120 3363 1219 3407 exer-

266 3447 373 3510 citum
395 3440 522 3528 pluries
542 3445 783 3510 molestabant.
837 3443 904 3507 Sed
926 3442 1063 3506 tandem
1083 3442 1218 3506 reddita

166 3589 168 3594 -
266 3553 320 3609 est
348 3544 432 3610 villa
464 3545 675 3610 Francorum
708 3545 794 3626 regi,
832 3543 996 3606 Savarico
1029 3542 1072 3605 de
1102 3541 1218 3606 Malo·

267 3644 382 3709 Leone
404 3646 440 3708 in
462 3644 628 3727 Angiiam
651 3644 917 3721 transfretante3
945 3643 1104 3724 quicum
1127 3643 1218 3706 inter

266 3745 498 3826 navigandum
540 3745 709 3826 cogitaret
746 3762 785 3807 se
821 3742 940 3805 baberi
978 3740 1070 3824 apud
1102 3761 1218 3822 regem

267 3843 406 3926 Angliae
424 3843 626 3927 proditionis
648 3850 860 3926 suspectum,
881 3861 1002 3906 navem
1021 3860 1118 3905 suam
1136 3860 1219 3905 con·

266 3944 371 4008 vertit
409 3944 446 4006 in
485 3944 681 4020 Franciam,
716 3950 752 4007 et
780 3942 894 4006 factus
928 3940 1109 4024 transfuga
1145 3941 1219 4022 regi

302 4167 310 4198 ¹
327 4170 499 4220 ‘Oxouie'usis
508 4165 522 4231 ς’
536 4167 605 4218 D'A.
791 4162 802 4196 ⁸
818 4166 865 4214 See
877 4164 970 4226 Script.
978 4151 1041 4213 Ord.
1051 4163 1128 4215 Pred.
1136 4166 1153 4215 i.
1164 4169 1220 4214 120.

792 4229 1018 4295 “mmfflffi

301 4301 312 4334 ²
327 4305 432 4353 ‘Brune
442 4305 458 4365 ;’
478 4306 517 4355 M.
529 4309 553 4354 et
564 4303 612 4354 Ar.
786 4303 802 4387 ¹⁵
818 4309 825 4333 ⁴
840 4305 947 4353 Mordou
959 4299 973 4366 ;‘
991 4305 1029 4353 M.
