3252 5026
444 512 508 577 162
806 530 877 577 ruc.
897 531 1045 578 sarvam

278 696 408 764 castogae
524 679 582 738 Sed
595 688 663 749 tua;
683 699 740 738 non
755 700 819 749 una,
834 681 883 738 sed
898 681 1009 758 publica
1022 682 1121 739 mortis
1135 681 1236 757 imago.

278 747 390 836 iiiiii?
524 777 552 836 Ο
567 776 688 834 Veneris
701 777 859 855 lacrymosa
873 778 941 844 dies,
956 778 984 836 0
1000 778 1093 835 ¹sidus
1108 777 1256 836 amarum!

523 874 579 931 Illa
593 875 652 932 dies
666 883 715 932 tua
728 893 784 932 nox
798 875 862 943 fuit,
877 884 905 932 et
919 874 1018 932 Venus
1032 874 1082 932 illa
1092 893 1242 932 venenum.

522 972 577 1029 Illa
591 971 667 1028 dedit
680 971 793 1040 vulnus,
809 971 859 1028 sed
872 972 1011 1049 pessimus
1025 971 1073 1028 ille
1088 971 1206 1038 dierum,

523 1067 636 1126 Primus
650 1068 685 1124 ab
700 1067 858 1138 undecimo,
872 1069 920 1145 qui
934 1068 999 1126 virs
1013 1069 1139 1139 vitricus,
1153 1067 1243 1144 ipsam

523 1165 650 1232 Clausit;
670 1172 789 1242 uterque
803 1165 863 1222 dies
876 1165 1018 1222 homicida
1030 1164 1179 1242 tyrannide
1192 1164 1273 1221 mira.

521 1261 648 1337 Trajecit
662 1261 773 1319 clausus
788 1261 941 1330 exclusum,
958 1269 1049 1319 tectus
1063 1269 1201 1338 apertum,

523 1358 663 1416 Providus
676 1359 820 1416 incautum
834 1358 924 1427 miles,
939 1358 1064 1416 munitus
1078 1359 1215 1416 inermem

524 1456 563 1512 Et
577 1456 721 1533 proprium
737 1474 842 1532 regem.
884 1454 978 1519 2Quid
992 1454 1082 1523 miles,
1097 1455 1204 1532 perfide
1217 1455 1324 1514 miles?

523 1551 656 1609 Perfidiae
671 1551 762 1620 miles,
777 1551 868 1629 pudor
883 1551 969 1620 orbis,
983 1550 1067 1608 unica
1081 1551 1177 1608 sordes

523 1648 636 1706 Militiae
649 1648 739 1715 miles,
754 1667 889 1705 manuum
903 1647 1014 1705 factura
1028 1666 1152 1716 suarum,

522 1745 634 1802 ³Ausus
643 1764 673 1802 es
682 1744 737 1802 hoc
748 1745 777 1802 in
788 1764 853 1801 eum
862 1744 974 1802 scelus?
996 1743 1051 1801 hoc
1061 1743 1152 1802 scelus
1162 1744 1238 1802 istud
1248 1763 1279 1801 es
1289 1746 1397 1803 ausus?

523 1840 551 1899 Ο
563 1841 660 1899 dolori
684 1840 712 1899 Ο
724 1841 873 1918 plusquam
887 1837 983 1898 dolorl
1007 1840 1035 1898 0
1045 1860 1121 1897 mors
1132 1841 1140 1899 l
1163 1840 1361 1899 Otruculenta

523 1938 607 1996 Mors
620 1939 627 1997 i
650 1957 727 1995 esses
741 1938 849 1995 utinam
863 1957 940 1994 mors
954 1946 1074 1994 mortua
1109 1937 1185 2001 Quid
1198 1939 1359 2007 meministi,

522 2036 604 2092 Ausa
617 2035 697 2093 nefas
711 2035 845 2092 tantum?
867 2033 972 2111 placuit
986 2034 1037 2091 tibi
1050 2025 1151 2091 tolle're
1167 2033 1263 2101 solem,

524 2131 562 2188 Et
576 2131 699 2189 tenebris
714 2131 847 2188 damnare
861 2130 977 2189 solum?
1002 2129 1062 2188 Scis
1077 2149 1161 2206 quem
1176 2130 1316 2207 rapuisti?

523 2228 588 2305 Ipse
601 2229 656 2286 fuit
667 2228 752 2304 jubar
766 2228 795 2283 in
809 2227 908 2295 oculis,
923 2236 951 2284 et
966 2223 1065 2284 dulcor
1078 2227 1107 2283 in
1121 2230 1215 2296 4aure,

523 2325 562 2382 Et
577 2334 675 2402 stupor
688 2325 718 2381 in
730 2332 834 2382 mente.
876 2323 960 2381 Mors
974 2324 1069 2400 impia,
1084 2342 1169 2398 quem
1184 2323 1326 2401 rapuisti?

523 2423 589 2500 Ipse
602 2422 656 2479 fuit
671 2421 800 2478 dominus
815 2439 967 2488 armorum,
982 2419 1073 2496 gloria
1087 2439 1196 2496 regum,

523 2519 643 2577 Delicioe
657 2518 763 2586 mundi,
777 2517 849 2574 nihil
862 2516 965 2575 addere
979 2515 1098 2574 noverat
1112 2516 1197 2574 ultra.

523 2616 588 2693 Ipse
601 2615 656 2671 fuit
669 2613 804 2691 quicquid
817 2614 908 2691 patuit
921 2622 1040 2670 natura:
1062 2613 1112 2670 sed
1125 2612 1196 2670 illud

524 2712 618 2769 Causa
630 2711 685 2767 fuit
700 2729 787 2786 quare
801 2709 937 2786 rapuistit
962 2728 1007 2766 res
1021 2710 1158 2786 pretiosas

524 2807 624 2883 Eligis,
639 2815 667 2863 et
680 2806 751 2863 viles
766 2807 846 2882 quasi
860 2805 1011 2882 dedignata
1025 2806 1170 2882 relinquis·

523 2904 563 2960 Et
578 2903 612 2959 de
625 2911 654 2960 te
669 2902 780 2960 Natura
793 2893 906 2978 queror,
921 2903 987 2979 quia
1000 2922 1095 2959 nonne
1107 2903 1188 2959 fuisti

522 2998 602 3055 Dum
616 2998 738 3056 mundus
752 3018 822 3076 puer
836 3009 910 3056 esset
924 2999 1024 3068 adhuc,
1040 2999 1108 3056 dum
1120 3007 1187 3056 nata
1197 2999 1306 3074 jaceres

524 3095 558 3150 ln
573 3095 653 3151 cunis
667 3095 696 3150 in
711 3114 744 3152 eo
759 3095 892 3163 studiosa,
908 3114 961 3153 nec
975 3103 1040 3152 ante
1055 3104 1197 3152 senectam

524 3189 619 3247 Desiit
632 3189 687 3248 hoc
702 3191 835 3248 studium.
877 3191 937 3250 Cur
952 3192 1038 3249 sudor
1051 3200 1146 3249 tantus
1161 3192 1190 3249 in
1205 3192 1303 3249 orbem

525 3287 633 3344 Attulit
646 3287 701 3345 hoc
712 3289 824 3356 mirum,
840 3289 864 3345 si
877 3297 935 3345 tam
949 3288 1043 3345 brevis
1058 3288 1175 3346 abstulit
1188 3288 1284 3346 hora?

526 3384 664 3443 Sudorem
677 3392 786 3442 tantum
800 3385 905 3462 placuit
918 3385 970 3441 tibi
983 3385 1111 3442 ⁵tradere
1125 3385 1238 3452 mundo,

526 3481 564 3539 Et
578 3500 710 3539 revocare
723 3501 858 3539 manum:
879 3481 946 3538 dare
961 3482 1010 3549 sic,
1025 3489 1053 3538 et
1066 3480 1166 3538 tollere
1181 3481 1295 3540 donum.

526 3576 586 3635 Cur
599 3567 715 3635 irritasti
728 3577 890 3636 mundum?
912 3586 960 3634 aut
974 3577 1060 3634 redde
1074 3578 1223 3654 sepultum,

526 3674 587 3730 Aut
600 3673 692 3730 forma
706 3673 844 3740 similem;
868 3673 989 3730 sednon
1003 3673 1054 3730 tibi
1069 3674 1191 3749 suppetit
1205 3670 1289 3733 unde.

478 3931 487 3963 ¹
505 3933 580 3982 ‘idus
590 3927 604 3993 3'
616 3934 655 3983 M.
664 3931 756 3983 etAm
773 3934 820 3981 bnt
830 3933 856 3981 in
865 3933 908 3982 the
969 3931 980 3963 ⁴
995 3929 1078 3994 ‘ore3'
1090 3929 1159 3984 D’A.

443 4004 518 4052 latter
535 4004 592 4052 MS.
609 4003 738 4052 corrected
755 3998 865 4062 ‘sidua'
881 4004 907 4052 in

443 4073 625 4122 alaterhand.
967 4070 1114 4123 ⁸‘tendere
1124 4070 1142 4136 ς’
1154 4075 1193 4125 M.
1205 4078 1230 4122 et
1240 4074 1288 4125 Ar.

477 4140 488 4170 ³
503 4143 573 4193 ‘Qui
584 4135 598 4200 3'
613 4141 671 4190 Cori.
680 4141 744 4202 Reg.

477 4224 487 4254 ³
503 4228 605 4275 ‘Ausus
611 4231 651 4275 est
657 4226 705 4276 hoc
713 4227 738 4275 in
746 4232 820 4276 euml
838 4228 919 4291 miles,
930 4230 978 4279 hoc
989 4231 1073 4279 scelus
1084 4231 1153 4279 istud
1165 4244 1193 4279 es
1204 4225 1308 4279 aususl'
1327 4231 1396 4283 D’A.

500 4297 604 4346 ‘Ausus
615 4301 653 4345 est
663 4297 710 4346 hoc
723 4297 748 4345 in
760 4303 833 4346 euml
851 4299 935 4348 soclus
946 4300 993 4349 hoc
1006 4300 1089 4350 scelus
1101 4315 1128 4349 es
1139 4295 1242 4350 ausust’
1259 4299 1307 4349 Ar.
