3204 5028
583 509 763 557 Arsanus.
1084 493 1148 558 107

200 668 428 733 Discordia
445 667 534 732 inter
550 667 750 750 Philippum
770 668 983 732 Francorum
999 674 1035 732 et
1052 667 1147 732 Han·
1161 685 1294 725 unemu-

187 769 300 832 ricum
320 768 514 850 Anglorum
535 787 636 849 reges
662 769 804 832 suborta
830 774 883 832 est
907 775 1048 850 propter
1072 787 1148 832 cas·
1159 738 1213 876 {11:3⁶
1211 734 1314 835 iffi

190 877 284 932 trum
310 867 468 944 Gisortii‚
492 874 527 931 et
553 868 622 932 alia
644 866 802 949 quaedam
827 874 953 944 castra,
980 887 1057 950 quac
1084 889 1147 934 rex
1188 846 1250 881 anco,

189 967 345 1050 Angliae,
359 974 513 1049 tempore
531 967 697 1032 Lodovici
713 968 817 1048 regis,
834 974 998 1048 tanquam
1016 967 1060 1031 ad
1076 967 1148 1034 feo·

188 1067 272 1130 dum
295 1068 442 1131 ducatus
464 1066 688 1130 Normanniae
713 1067 922 1148 pertinentia
945 1069 1145 1149 occupavit:

189 1187 255 1230 rex
277 1175 394 1232 autem
418 1166 574 1230 Franciae
597 1185 639 1230 ea
653 1166 855 1242 vindicavit,
876 1174 1041 1249 tanquam
1064 1167 1149 1231 data

190 1286 214 1329 a
236 1274 337 1348 patre
356 1267 393 1329 in
417 1266 531 1342 dotem
556 1265 647 1342 filiae,
670 1275 705 1330 et
731 1272 811 1348 post
834 1273 979 1331 mortem
1002 1266 1147 1330 Henrici

190 1367 284 1447 regis
318 1366 468 1449 junioris
510 1366 556 1430 ad
598 1383 714 1447 regem
758 1365 914 1430 Franciae
956 1383 1146 1430 reversura.

193 1465 302 1529 Fiunt
326 1466 434 1546 igitur
457 1466 493 1528 in
514 1464 615 1528 terris
638 1483 756 1528 eorum
783 1464 863 1528 hinc
889 1464 969 1528 inde
989 1465 1147 1529 incendia

191 1572 228 1628 et
249 1566 394 1647 rapinae,
414 1565 687 1646 munitionesque
712 1564 939 1629 destruuntur
960 1571 995 1628 et
1020 1572 1145 1629 castra.

192 1663 281 1728 Cum
322 1672 438 1728 autem
479 1657 791 1746 ¹appropinquaret
828 1682 891 1726 rex
933 1663 1145 1728 Francorum

190 1772 308 1828 castro
342 1763 519 1845 Radulphi
548 1771 586 1827 ut
617 1762 703 1826 illud
731 1762 904 1827 obsideret
931 1770 966 1828 et
994 1771 1145 1846 caperet,

190 1884 254 1928 rex
276 1883 361 1927 vero
384 1863 576 1944 Anglorum
599 1862 744 1926 utillud
770 1861 967 1927 defenderet
994 1871 1030 1927 et
1054 1865 1145 1928 ohsi-

190 1964 329 2028 dionem
355 1963 546 2045 impediret,
578 1963 760 2046 paratique
783 1971 899 2026 essent
921 1982 1020 2044 reges
1045 1956 1145 2027 2000-

190 2063 303 2144 gredi,
329 2062 557 2126 mediantibus
574 2062 657 2126 viris
676 2062 881 2143 quibusdam
907 2063 1252 2144 prudentibusque

189 2183 269 2226 curn
285 2162 411 2244 legatis
429 2162 598 2227 Romanae
614 2162 768 2225 ecclesiae
788 2163 847 2244 qui
871 2170 952 2226 tunc
974 2183 1037 2244 pro
1060 2182 1164 2268 pace
1157 2129 1295 2218 ii'ffiffi

191 2262 412 2326 reformanda
435 2267 614 2337 venerant,
637 2261 727 2325 datis
750 2260 908 2339 induciis,
932 2262 1145 2327 discedentes
1156 2229 1242 2278 ‘W'

190 2362 259 2426 ab
249 2363 409 2438 ruvicem,
427 2362 471 2424 ad
488 2361 627 2443 propria
642 2361 829 2426 redierunt.

243 2463 338 2526 Dum
367 2469 482 2525 autem
503 2480 601 2542 reges
628 2460 676 2523 ibi
701 2480 830 2524 moram
861 2459 1026 2537 facerent,
1053 2460 1144 2541 apud
1157 2475 1279 2517 amnon.

192 2569 348 2626 castrum
365 2562 511 2627 vicinum
529 2559 619 2643 quod
635 2559 734 2624 Dolis
750 2560 886 2636 dicitur,
904 2559 972 2623 duo
990 2560 1144 2624 Braban·

190 2681 295 2725 zonas
319 2659 477 2724 ludentes
501 2660 544 2724 ad
562 2668 723 2736 tesserae,
738 2678 852 2725 coram
871 2661 1022 2740 imagine
1035 2660 1146 2725 beatae

190 2760 350 2842 Virginis
373 2780 477 2843 super
495 2759 691 2823 columnam
711 2759 864 2824 ecclesiae
891 2761 1017 2840 posita,
1039 2761 1145 2824 male-

192 2880 260 2942 que
278 2860 461 2942 perdentes
478 2858 571 2941 quod
594 2860 709 2942 inique
725 2858 971 2939 adquisierant,
989 2859 1024 2922 in
1041 2861 1146 2924 verba

191 2959 417 3041 blasphemiae
437 2960 472 3022 in
497 2952 627 3022 ³Dnuru
650 2965 686 3023 et
701 2959 838 3021 beatam
855 2958 1033 3040 Virginem
1050 2953 1148 3042 4000-

191 3066 371 3141 ruperunt.
424 3057 581 3136 Quorum
606 3059 694 3122 alter
720 3056 868 3139 lapidem
896 3057 932 3120 in
961 3060 1145 3140 imaginem

191 3158 390 3242 projiciens,
408 3157 583 3221 brachium
601 3156 761 3239 imaginis
780 3157 878 3239 parvi
895 3157 918 3220 J
923 3174 989 3222 usu
1005 3159 1145 3234 avulsit,

192 3257 381 3340 statimque
404 3257 546 3339 sanguis
569 3251 773 3338 ⁵pr0fluxit3
801 3257 870 3338 qui,
897 3276 918 3320 a
943 3258 1060 3320 multis
1087 3259 1146 3340 qui

192 3357 229 3420 in
257 3356 436 3421 obsidione
460 3364 558 3420 erant
585 3357 682 3419 visus
711 3361 746 3418 et
767 3356 945 3433 collectus,
973 3356 1101 3420 multos
1126 3376 1147 3420 a

192 3457 299 3519 variis
313 3457 538 3538 languoribus
560 3455 620 3518 illo
642 3455 802 3519 inunctos
824 3456 976 3519 infirmos
999 3456 1145 3520 curavit.

193 3555 378 3619 Brachium
411 3575 494 3619 vero
525 3555 825 3636 sanguinolentum
855 3555 1023 3632 Joannes,
1055 3555 1147 3637 regis

193 3654 387 3736 Anglorum
404 3655 507 3730 filius,
522 3647 612 3718 inter
625 3655 788 3736 reliquias
805 3673 882 3716 cum
901 3674 1028 3736 magna
1043 3674 1146 3719 vene·

192 3755 327 3818 ratione
342 3773 458 3818 secum
481 3755 644 3838 portavit.
697 3752 928 3835 Blasphemus
952 3761 1067 3818 autem
1088 3754 1146 3818 ille

191 3854 327 3930 infelix,
351 3854 470 3918 eodem
496 3854 551 3916 die
575 3873 597 3917 a
622 3852 778 3916 daemone
804 3872 873 3934 quo
900 3854 1068 3934 agebatur
1093 3871 1148 3914 ar-

192 3961 323 4036 reptus,
346 3953 535 4017 miserrime
550 3953 658 4016 vitam
674 3951 798 4016 finivit.
853 3952 973 4035 Hujus
991 3951 1147 4016 miraculi

227 4158 234 4189 ¹
252 4159 508 4220 ‘appropinquaverit
514 4153 529 4217 ;’
539 4157 657 4207 Mutrlr.
717 4155 728 4186 ⁴
745 4152 951 4220 ‘perruperunt3’
962 4157 1002 4206 M.
1013 4161 1037 4206 at
1049 4155 1095 4205 Ar.

225 4226 236 4259 ⁹
252 4229 371 4278 ‘inimice
383 4229 503 4289 congredi
511 4223 525 4290 3²
538 4227 657 4278 Μαῖαν.
718 4225 728 4256 ⁵
745 4228 873 4278 ‘ubertim
896 4228 1016 4289 profluxit
1025 4223 1039 4288 ;'
1064 4228 1102 4276 M.
1122 4230 1147 4273 et

227 4297 238 4329 ³
254 4299 410 4350 ‘Dominum
420 4294 434 4358 ς’
447 4299 486 4348 M.
684 4297 732 4346 Ar.
