3252 5026
435 487 501 552 170
801 506 875 553 roc.
893 507 1041 553 rnrvn‘rr

435 660 637 738 servandos,
651 662 887 746 quosdamque
903 665 1056 747 acceptis
1069 667 1246 730 obsidibus
1261 669 1393 732 remisit

434 761 479 824 ad
499 763 651 844 propria.
696 760 887 826 Arthurum
905 785 990 830 vero
1012 767 1106 829 misit
1121 766 1389 850 Rotbomagum,

432 862 501 936 sub
535 862 676 925 arctiori
708 864 868 928 custodia
900 865 1136 932 detinendum.
1199 867 1255 931 Ob
1287 868 1391 932 istam

435 962 612 1025 victoriam
631 962 732 1025 multi
749 973 876 1045 putant
891 966 955 1028 sibi
980 969 1164 1030 convenire
1182 967 1269 1031 illud
1297 969 1391 1032 Mer·

433 1060 496 1123 lini
507 1060 651 1139 fatidici,
666 1068 677 1096 ‘
690 1061 816 1145 Capite
835 1065 945 1128 leonis
964 1068 1209 1131 coronabitur?
1261 1068 1309 1132 Et
1324 1070 1389 1132 ite·

433 1180 511 1224 rum
524 1161 622 1239 iliud,
638 1167 648 1196 ‘
662 1162 817 1245 Linguas
834 1173 1013 1229 taurorum
1034 1166 1226 1244 abscindet,
1247 1177 1283 1232 et
1300 1169 1391 1233 colla

434 1262 644 1343 rugientium
661 1265 819 1328 onerabit
834 1267 989 1329 catenis!

273 1377 424 1418 incinerant
485 1361 700 1428 Octavianus
727 1363 900 1428 Ostiensis
930 1372 966 1429 et
989 1365 1144 1429 Joannes
1171 1366 1389 1432 Veletrensis

272 1429 291 1468 iu
299 1430 399 1468 removed

270 1479 326 1519 nom
335 1479 422 1519 urna.
434 1462 587 1545 episcopi
614 1464 791 1528 venientes
821 1467 857 1528 in
884 1465 1080 1542 Franciam,
1111 1466 1275 1549 Philippo
1308 1488 1389 1548 rege

433 1563 477 1625 ad
500 1582 617 1626 eorum
645 1565 868 1628 monitionem
897 1565 1146 1648 Ingelburgatn
1171 1569 1328 1649 reginam
1352 1568 1388 1630 in

432 1663 582 1744 gratiam
607 1662 805 1746 recipiente,
830 1665 1073 1749 celebratoque
1100 1668 1324 1750 interipsum
1355 1677 1391 1731 et

432 1763 713 1844 superinductam
736 1763 897 1840 divortio,
920 1766 1139 1830 interdictum
1168 1768 1204 1830 in
1227 1768 1388 1845 Francia,

433 1862 524 1943 quod
541 1863 689 1926 triennio
703 1863 902 1942 duraverat,
918 1865 1131 1931 relaxarunt.

270 2433 420 2484 Johnlsuaiu
495 2417 665 2482 JoANNus
690 2439 756 2483 rex
780 2419 873 2501 apud
905 2417 1129 2482 Cantuariam
1158 2440 1220 2501 per
1250 2438 1387 2482 manum

269 2485 372 2525 crouned.

271 3990 342 4026 enters
353 3987 405 4026 Nor·

271 4037 357 4087 mandy.

432 2517 584 2582 Huberti
622 2518 871 2602 archiepiscopi
910 2520 1035 2582 iterum
1075 2526 1286 2597 coronatur3
1326 2520 1386 2602 qui

430 2619 548 2682 eodem
567 2637 659 2682 anno
678 2617 877 2702 Philippum
901 2618 1148 2682 Belvacensern
1171 2619 1383 2703 episcopum,

431 2738 534 2801 quem
550 2717 722 2781 Ricardus
746 2738 809 2782 rex
831 2717 1045 2800 praeliantem
1064 2727 1214 2802 ceperat,
1232 2739 1254 2782 a
1270 2727 1386 2783 custo-

433 2818 490 2881 dia
504 2818 667 2895 liberam,
686 2818 730 2880 ad
746 2818 886 2899 propria
902 2818 1014 2881 redire
1030 2820 1195 2900 permisit.
1256 2818 1390 2901 Philip-

432 2937 498 3000 pus
525 2937 587 2980 rex
618 2918 653 2979 in
682 2917 983 2981 exheredationem
1009 2919 1104 3000 regis
1134 2917 1274 3001 Angliae
1303 2921 1386 2983 totis

433 3017 564 3082 viribus
578 3016 752 3093 laborans
769 3015 996 3100 Aquitaniam
1011 3019 1199 3100 ingressus
1218 3019 1386 3101 quasdam

433 3117 525 3199 cepit
557 3117 776 3195 munitioneS,
809 3117 956 3181 militum
996 3117 1254 3200 Pictavensium
1293 3112 1388 3182 ¹Bri-

434 3224 622 3301 tonumque
642 3217 770 3282 favore.
825 3217 923 3280 Inter
944 3217 1019 3281 haec
1040 3238 1132 3302 papa
1153 3218 1388 3295 Innocentius,

434 3337 497 3398 pro
517 3336 603 3400 pace
623 3317 713 3381 inter
735 3337 835 3400 reges
858 3317 1088 3395 reformanda,
1110 3319 1271 3382 abbatem
1294 3320 1389 3382 misit

435 3418 477 3481 de
494 3410 728 3494 ²Casamarrii,
747 3420 819 3500 qui,
841 3418 1005 3501 adjuncto
1023 3419 1089 3481 sibi
1110 3418 1236 3482 abbate
1253 3419 1387 3482 Trium-

437 3517 613 3594 Fontium,
636 3519 845 3582 auctoritate
863 3517 1055 3601 apostolica
1071 3519 1235 3601 praecepit
1250 3519 1387 3600 utrique

436 3619 520 3699 regi,
537 3627 576 3682 ut
593 3619 793 3682 convocatis
811 3617 982 3702 episcopis
1000 3625 1034 3680 et
1050 3617 1261 3702 principibus
1278 3619 1387 3701 regni,

435 3717 534 3782 salva
560 3718 738 3800 utriusque
756 3717 905 3801 justitia,
934 3737 1052 3799 pacem
1075 3717 1247 3797 facerent3
1275 3726 1310 3782 et
1330 3720 1387 3782 ab·

434 3818 547 3882 batias
572 3825 773 3900 ceterasque
797 3817 973 3894 ecclesiaS,
996 3837 1057 3899 per
1077 3837 1195 3882 eornm
1217 3817 1309 3880 bella
1331 3819 1386 3882 de-

270 3934 409 3986 Phfflruatn
434 3925 598 3995 structas,
613 3918 648 3981 in
666 3925 795 3981 statum
816 3916 967 3980 debitum
992 3923 1200 4000 repararent.
1255 3917 1388 4000 Philip-

433 4036 498 4099 pus
514 4025 628 4081 nutem
647 4036 722 4093 rex,
739 4016 930 4099 apostolico
948 4018 1191 4082 nonobstante
1211 4018 1387 4096 mandato,

468 4240 475 4270 ¹
493 4239 699 4300 ‘Britanniaeque
709 4234 724 4301 ς’
736 4237 782 4289 Ar.
958 4239 1146 4293 ²‘Casamarii
1159 4240 1181 4306 ;’
1210 4245 1249 4296 M.
1263 4261 1269 4293 ε
1299 4245 1388 4297 ‘Gaea

924 4313 1001 4361 Marii
1010 4309 1024 4372 ;’
1036 4313 1084 4364 Ar.
