3204 5028
447 496 513 559 110
814 512 888 560 mc.
907 512 1054 558 rnrvnrr

447 674 492 732 ‘a
505 667 586 731 Duo
604 676 805 732 coronatum
818 669 840 749 ς’
858 670 919 752 qui
934 669 1043 734 eidem
1060 668 1299 743 rescribentes,
1318 667 1406 749 peti-

449 768 535 832 tioni
556 787 630 832 suae
654 769 810 850 benigne·
822 769 858 832 in
881 770 1040 833 omnibus
1063 770 1272 833 annuebant.
1324 767 1405 831 Duo

447 887 531 932 vero
557 887 657 950 reges
679 869 716 931 in
738 869 817 933 loco
839 869 971 945 eodem,
995 869 1039 933 ob
1064 868 1146 932 facti
1167 863 1270 952 hujus
1293 867 1404 930 moni-

447 975 613 1043 mentum,
643 988 779 1031 crucem
805 976 989 1033 erexerunt
1015 969 1178 1051 ligneam,
1203 968 1405 1031 fundantes-

448 1087 515 1149 que
549 1067 728 1130 ecclesiam
761 1069 851 1133 inter
881 1088 919 1133 se
949 1068 1061 1133 foedus
1096 1068 1192 1152 pacis
1227 1074 1403 1151 perpetuae

447 1167 609 1243 inierunt.
663 1167 778 1231 Locus
791 1173 907 1231 autem
924 1169 984 1232 ille
1001 1167 1097 1250 Ager
1113 1169 1220 1232 Sacer
1237 1187 1259 1231 a
1273 1166 1402 1250 populo

448 1267 653 1350 appellatur.

285 1381 414 1421 rhemor
499 1367 628 1431 Eodem
650 1386 740 1431 anno
762 1387 876 1430 comes
899 1367 934 1430 S.
954 1367 1097 1449 AEgidii,
1121 1368 1181 1450 qui
1204 1366 1401 1448 homagium

284 1431 384 1520 3332&
447 1465 576 1531 fecerat
591 1486 653 1548 pro
667 1467 821 1531 Tholosa
837 1468 988 1532 Ricardo
1006 1466 1085 1530 duci
1104 1466 1316 1549 Aquitaniae,
1332 1466 1404 1529 filio

283 1531 409 1631 llill'm‘
447 1567 538 1648 regis
570 1566 777 1648 Anglorum,
808 1570 851 1631 ab
883 1587 924 1631 eo
957 1567 1107 1645 defecit;
1143 1565 1400 1649 propterquod

447 1665 619 1730 Ricardus
640 1673 768 1730 terram
791 1668 866 1751 ejus
892 1668 1069 1749 ingressus
1093 1669 1185 1749 cepit
1208 1667 1402 1742 Musaeum,

446 1766 583 1848 aliaque
606 1767 750 1830 castella
773 1768 983 1849 pertinentia
1005 1767 1050 1832 ad
1072 1767 1132 1851 jus
1152 1767 1287 1830 comitis
1307 1775 1401 1830 ante-

444 1865 538 1930 dicti.
583 1864 663 1929 Rex
681 1874 798 1930 autem
813 1868 1039 1944 Francorum,
1055 1867 1215 1950 pulsatus
1238 1885 1260 1929 a
1276 1867 1401 1930 comite

445 1984 550 2048 super
564 1965 696 2029 auxilio
716 1966 871 2043 ferendo,
893 1975 1015 2031 contra
1031 1969 1143 2049 legem
1167 1966 1305 2030 foederis
1331 1976 1400 2031 ter-

445 2084 519 2128 ram
537 2065 628 2146 regis
638 2064 834 2147 Anglorum
850 2068 1041 2149 ingressus,
1057 2074 1209 2131 castrum
1221 2066 1400 2148 Radulphi

445 2173 481 2229 et
508 2165 668 2247 quaedam
694 2164 764 2230 alia
786 2176 902 2231 castra
928 2167 1031 2249 cepit.
1084 2166 1164 2245 Quo
1192 2166 1311 2229 audito
1331 2186 1398 2230 rex

445 2263 652 2346 Anglornm‚
685 2266 863 2348 ingressus
898 2276 1008 2331 terras
1047 2267 1139 2349 regis
1174 2267 1398 2344 Francorum,

445 2371 596 2429 castrum
621 2366 838 2430 Drocharnm
858 2367 1030 2446 incendit;
1055 2361 1140 2430 lalia
1162 2367 1267 2429 etiam
1283 2374 1399 2430 castra

445 2466 548 2548 cepit,
567 2465 734 2549 villasque
757 2475 792 2531 et
809 2467 1016 2532 munitiones
1034 2466 1219 2531 destruxit.
1270 2465 1397 2548 Super-

444 2565 604 2629 veniente
621 2585 703 2629 vero
726 2567 837 2630 hieme
860 2575 1004 2649 uterque
1028 2587 1103 2644 rex,
1126 2565 1216 2630 datis
1239 2564 1399 2643 induciis,

444 2682 466 2726 a
482 2664 573 2728 bello
590 2666 751 2730 cessavit.
801 2665 979 2730 Galfridus
1003 2675 1118 2730 autem
1138 2666 1181 2730 de
1203 2660 1397 2730 ²Liziniaco

444 2764 615 2845 quendam
633 2764 936 2830 familiarissimum
955 2766 1120 2843 Ricardo,
1143 2766 1261 2830 comiti
1279 2765 1394 2829 Picta-

443 2864 554 2938 vensi‚
580 2863 754 2928 interfecit
773 2866 931 2930 insidiis:
964 2867 999 2929 in
1024 2866 1123 2950 cujus
1147 2867 1311 2929 ultionem
1333 2865 1397 2930 Ri-

443 2961 568 3026 cardus
587 2962 687 3045 plura
709 2965 784 3048 ejus
800 2966 945 3029 castella
959 2965 994 3028 in
1011 2966 1218 3030 deditionem
1237 2965 1396 3047 accepit.;

434 3061 668 3146 hominesque
702 3065 778 3148 ejus
814 3065 1004 3142 trucidanS,
1038 3066 1108 3128 illis
1147 3066 1302 3148 pepercit
1337 3065 1397 3147 qui

443 3163 554 3226 crucis
581 3163 742 3227 volebant
774 3165 972 3230 charactere
999 3165 1166 3246 insigniri.
1220 3163 1398 3229 Galfridus

443 3263 641 3345 praedictae,
661 3264 753 3344 regis
781 3263 977 3346 Anglorum
999 3265 1107 3328 fultus
1130 3265 1262 3329 auxilio
1286 3272 1321 3328 et
1338 3285 1398 3347 pe-

444 3363 556 3439 cunia,
588 3370 626 3426 ut
656 3364 793 3440 dicitur,
828 3373 950 3429 contra
980 3366 1139 3430 comitem
1170 3385 1232 3447 per
1262 3373 1397 3447 tempus

444 3462 585 3544 aliquod
601 3464 793 3527 rebellavit.

283 3577 348 3615 Peuce
496 3562 539 3625 In
571 3565 704 3627 octavis
740 3563 776 3626 S.
802 3564 948 3627 Martini
981 3565 1143 3628 collocuti
1175 3572 1258 3627 sunt
1296 3583 1396 3646 reges

281 3626 374 3666 restored

281 3677 422 3764 praepare
444 3681 552 3745 prope
580 3655 832 3740 ³Bonsmulins,
863 3672 1070 3746 procurante
1098 3663 1249 3729 Ricardo
1273 3664 1399 3727 comite

282 3737 412 3866 plissgpnr
444 3761 665 3841 Pictavensi;
695 3765 944 3846 proposuitque
969 3784 1031 3828 rex
1056 3765 1282 3838 Francorum,
1304 3764 1396 3845 quod

302 3837 329 3876 ⁰⁸
380 3854 385 3866 '
443 3863 517 3944 regi
540 3862 734 3944 Anglorum
764 3865 961 3928 restitueret
987 3883 1028 3928 ea
1051 3883 1129 3947 quae
1153 3870 1294 3945 ceperat
1316 3872 1396 3945 post

443 3981 578 4026 crucem
607 3969 813 4044 susceptam,
840 3973 941 4027 etex
966 3971 1047 4029 tunc
1077 3970 1256 4028 manerent
1282 3965 1397 4027 omnia

443 4059 477 4123 in
506 4061 624 4125 eodem
648 4069 756 4138 statu,
780 4063 815 4124 in
841 4083 911 4144 quo
938 4072 1019 4128 ante
1041 4085 1174 4128 crucem
1200 4072 1396 4146 susceptam

478 4234 485 4265 ¹
503 4237 623 4297 ‘aliaque
632 4238 648 4297 3'
659 4239 697 4287 M.
710 4242 734 4286 at
746 4236 792 4287 Ar.
969 4237 979 4270 ³
994 4242 1182 4290 ‘Bonsmnluns
1192 4236 1207 4301 ;’
1220 4241 1259 4291 M.
1266 4245 1290 4288 et
1302 4227 1358 4290 Ar.¹

478 4303 488 4332 ²
503 4309 510 4335 ‘
522 4307 656 4357 Lizeniaco
663 4309 681 4370 ;’
691 4310 730 4358 M.
742 4313 767 4357 et
778 4308 824 4358 Ar.
