3252 5026
497 975 709 1050 Ronsnrus,
729 993 915 1055 germanus
937 973 1029 1054 regis
1052 974 1222 1050 Francia,
1245 972 1394 1038 Atreba-

281 1091 391 1139 0uo‚tre
444 1075 553 1138 tensis
578 1094 693 1139 comes
722 1072 879 1138 efficitur.
945 1072 1051 1150 Otho,
1079 1073 1394 1156 apostolicaesedis

279 1143 430 1282 lifiipgffd*
444 1177 579 1256 legatus
602 1176 638 1238 in
662 1173 805 1256 Anglia,
830 1193 908 1237 cum
933 1173 969 1237 in
996 1175 1137 1239 abbatia
1164 1174 1207 1237 de
1233 1172 1394 1256 Oseneya

281 1244 368 1282 Μ’
440 1275 547 1359 juxta
575 1273 749 1339 Oxoniam
778 1281 937 1356 receptus
969 1273 1104 1351 fuisset,
1131 1293 1153 1337 a
1179 1273 1394 1338 scholaribus

446 1374 594 1439 Oxoniae
621 1377 783 1439 obsessus
813 1379 847 1438 et
875 1374 1043 1438 insultum
1071 1393 1204 1456 passus,
1230 1374 1273 1438 ad
1301 1371 1394 1438 carn·

444 1476 560 1557 panile
576 1475 785 1556 transfugit3
809 1473 869 1556 qui
891 1481 1012 1555 postea
1028 1473 1217 1538 Londoniis
1237 1475 1273 1537 in
1293 1473 1393 1538 scho-

445 1575 535 1641 lares
583 1574 732 1639 Oxoniae
779 1574 986 1637 sententiam
1027 1574 1393 1638 excommunicationis

445 1673 891 1756 fulminavit,studiumque
912 1674 1088 1756 dispersit.
1138 1674 1241 1739 Unde
1263 1674 1393 1738 factum

445 1781 510 1852 est,
539 1782 577 1839 ut
605 1774 743 1857 quidam
767 1774 886 1836 villam
915 1773 1229 1857 Northamptoniae,
1253 1774 1392 1856 quidam

445 1894 570 1939 novam
587 1875 763 1938 civitatem
781 1873 905 1936 Sarum
920 1873 1088 1955 elegerint
1106 1873 1148 1937 ad
1167 1874 1384 1938 studendum.

285 1991 404 2032 renuant
497 1973 594 2038 Obiit
617 1967 846 2050 ¹Alexander,
875 1972 1068 2038 Castrensis
1095 1974 1301 2058 episcopus;
1334 1975 1394 2056 qui

282 2040 415 2132 ‘diffidi‘
446 2094 523 2138 cum
542 2073 729 2157 aliquando
745 2073 907 2137 Tbolosae
931 2074 966 2137 in
987 2074 1164 2156 theologia
1184 2081 1330 2156 regeret,
1348 2093 1393 2138 ex

283 2142 390 2234 llllll‘
446 2176 577 2242 visione
594 2181 726 2257 septem
743 2161 920 2238 stellarum
947 2175 1013 2238 sibi
1030 2174 1211 2238 dormienti
1238 2181 1394 2238 ostensa-

445 2296 533 2353 rum,
547 2277 688 2339 beatum
711 2274 931 2338 Dominicum
947 2293 1025 2337 cum
1048 2293 1111 2338 sex
1133 2275 1236 2338 sociis
1256 2274 1394 2338 scholas

445 2395 527 2440 suas
545 2375 695 2468 quodam
710 2374 765 2438 die
790 2375 978 2438 intrantem
1000 2375 1175 2456 cognovit.
1229 2373 1393 2453 Quicum

447 2495 551 2560 super
570 2475 772 2558 psalterium
795 2474 953 2556 postillas
980 2474 1158 2551 scriberet,
1174 2493 1278 2557 snper
1296 2474 1394 2538 illum

447 2578 597 2653 versum,
636 2574 904 2640 ‘Misericordia
936 2581 972 2637 et
1003 2575 1133 2638 veritas
1166 2575 1395 2638 obviaverunt

447 2676 524 2752 sibi,
538 2675 678 2759 justitia
695 2682 731 2739 et
750 2693 822 2756 pax
843 2673 1010 2738 osculatae
1032 2666 1153 2751 sunt,'²
1170 2675 1275 2738 talem
1297 2673 1395 2757 ponit

448 2775 708 2839 narrationem:
754 2772 954 2838 ‘Scholaris
992 2775 1133 2856 quidam
1165 2773 1394 2839 Bononiensis

447 2876 534 2938 bene
555 2875 757 2950 instructus,
785 2873 845 2937 sed
864 2875 1011 2938 vanitati
1037 2873 1220 2938 admodum
1246 2874 1395 2950 deditus,

448 2975 598 3056 quadam
630 2980 732 3037 nocte
761 2972 849 3037 vidit
880 2974 916 3037 in
946 2975 1076 3038 somnis
1107 2994 1145 3040 se
1174 2975 1210 3038 in
1244 2973 1394 3056 quodam

448 3092 571 3157 campo
594 3080 799 3156 tempestate
825 3073 932 3137 nimia
954 3073 1249 3157 comprehensum.
1302 3072 1394 3138 Con·

448 3173 583 3254 fugiens
596 3192 679 3238 vero
695 3174 738 3237 ad
755 3173 929 3256 quandam
946 3173 1097 3251 domum,
1115 3175 1194 3238 dum
1214 3174 1262 3236 ibi
1278 3173 1395 3255 pulsat

449 3280 489 3337 ut
503 3273 690 3358 recipiatur
705 3293 727 3338 a
743 3272 882 3337 domina
896 3274 1030 3351 domus,
1045 3273 1282 3358 hujuscemodi
1297 3274 1394 3337 audi-

448 3374 500 3437 vit
515 3394 738 3456 responsum:
763 3373 863 3454 ‘Ego
881 3373 904 3436 J
907 3373 1027 3437 ustitia
1042 3373 1097 3437 hic
1113 3374 1243 3451 habito,
1261 3380 1296 3437 et
1313 3374 1395 3456 quia

448 3480 487 3536 tu
498 3473 616 3557 justus
632 3494 700 3538 non
719 3493 768 3551 οε,
786 3492 1004 3556 nequaquam
1026 3474 1156 3538 intrare
1177 3481 1316 3556 poteras
1332 3473 1394 3537 do·

447 3593 541 3636 mum
571 3570 706 3638 meam?
757 3574 889 3638 Dolens
918 3572 977 3637 ille
1008 3573 1111 3637 aliam
1142 3575 1281 3638 domum
1312 3593 1394 3637 con·

447 3675 575 3755 spexit,
610 3675 653 3738 ad
685 3693 789 3756 quam
815 3693 892 3737 cum
926 3673 1083 3754 fugisset,
1116 3674 1166 3738 sic
1199 3693 1278 3737 eum
1308 3673 1394 3736 allo·

446 3780 529 3837 outa
551 3782 605 3838 est
621 3774 760 3838 domina
785 3774 907 3836 domus
922 3773 1037 3837 illius:
1063 3773 1163 3856 ‘Ego
1179 3773 1321 3837 Veritas
1339 3772 1394 3836 hio

447 3874 577 3950 habito,
609 3893 672 3938 nec
700 3881 734 3938 te
764 3873 844 3937 volo
875 3874 1037 3955 recipere,
1066 3874 1149 3956 quia
1182 3893 1250 3937 non
1277 3873 1394 3954 diligis

446 3973 650 4038 veritatem?
702 3972 894 4037 Discedens
923 3973 1042 4056 itaque
1066 3974 1162 4037 venit
1184 3973 1228 4036 ad
1256 3973 1395 4036 domum

446 4074 596 4149 tertiam,
614 4092 635 4136 a
651 4072 750 4156 cujus
767 4072 907 4136 domina
930 4071 1004 4136 haec
1022 4073 1175 4137 audivit:
1201 4073 1302 4155 ‘Ego
1320 4091 1395 4135 sum

517 4320 524 4350 ¹
542 4324 662 4385 magister
672 4324 818 4374 Alexander
827 4325 844 4387 ς’
855 4325 894 4376 Μ.
952 4320 957 4392 Ι
1046 4323 1056 4354 ²
1073 4326 1119 4374 Ps.
1131 4326 1228 4376 lxxxiv.
1241 4327 1283 4374 11.
