3226 5020
455 518 520 582 310
816 537 889 585 uro.
905 539 1052 585 rruvnm

459 692 659 775 Campaniae
691 694 904 759 comitatum.
959 696 1122 759 Mortuus
1143 701 1196 758 est
1225 693 1291 758 hoc
1316 713 1408 759 anuo

459 792 606 857 Carolus
637 813 700 874 rex
733 793 872 871 Siciliae,
911 795 1011 879 cujus
1042 794 1140 876 regni
1178 813 1219 857 ac
1258 793 1404 858 filiorum

459 899 606 956 tutorem
627 895 719 975 papa
737 893 911 958 Martinus
924 895 1117 958 Robertum
1128 894 1287 958 comitam
1305 892 1407 957 Atre-

454 993 638 1056 -batensem
654 993 845 1071 constituit,
861 993 1008 1076 largitus
1019 993 1128 1057 eidem
1145 994 1300 1076 pecuniae
1310 1013 1407 1075 mag-

460 1111 539 1155 nam
556 1111 737 1156 summam.

446 1234 448 1238 -
512 1191 636 1255 Frater
667 1191 690 1255 J
694 1211 836 1269 oannes,
861 1191 1084 1255 Dublineusis
1114 1192 1405 1274 archiepiscopus

460 1311 538 1354 cum
553 1311 674 1356 versus
700 1293 879 1356 aeclesiam
894 1311 991 1355 suam
1017 1291 1084 1356 iter
1100 1292 1314 1374 arripuisset,
1332 1311 1407 1356 cor-

461 1399 580 1473 reptus
607 1391 804 1455 infirmitate
827 1393 938 1473 gravi,
963 1391 1121 1455 ultimum
1146 1390 1234 1454 diem
1260 1391 1404 1454 clausit:

461 1491 561 1574 cujus
594 1510 718 1573 corpus
748 1493 783 1555 in
821 1491 926 1555 choro
956 1491 1100 1554 fratrum
1134 1490 1405 1554 Praedioatorum

463 1589 651 1654 Londoniis
674 1598 728 1654 est
749 1591 959 1654 humatum.'
986 1590 1062 1655 Nec
1087 1590 1196 1654 multo
1216 1599 1295 1672 post
1313 1590 1406 1655 ‘obiit

462 1689 582 1752 eodem
609 1709 700 1754 anuo
725 1691 818 1773 apud
842 1689 1061 1755 Wiudelsore
1089 1689 1291 1773 Alphonsus
1314 1691 1405 1771 regis

462 1788 565 1864 filius,
588 1789 727 1870 juvenis
752 1791 891 1872 optimae
910 1790 1047 1864 indolis„
1073 1796 1108 1852 et
1123 1789 1307 1853 admodum
1326 1789 1405 1852 Duo

463 1886 627 1950 deuotus:
657 1888 756 1971 cujus
780 1908 905 1970 corpus
931 1889 1023 1970 apud
1046 1888 1406 1966 westmonasterium,

462 2005 522 2050 cor
549 2006 632 2051 varo
662 1986 755 2068 apud
782 1987 1033 2052 Praedioatores
1064 1987 1265 2065 Londoniis,
1287 1989 1407 2069 regina

463 2093 572 2149 matre
603 2086 795 2165 ordinante,
824 2087 972 2151 traditur
994 2087 1193 2168 sepulturae.
1247 2087 1342 2150 Obiit
1372 2095 1407 2151 et

462 2183 527 2248 hoc
552 2204 644 2248 anno
670 2186 845 2250 Robertus
874 2186 915 2249 de
942 2180 1216 2262 ¹Wikhamtona,
1246 2187 1406 2250 Saresbe·

462 2285 585 2347 niensis
614 2286 816 2368 episcopus;
848 2286 903 2349 oui
935 2287 1102 2349 successit
1122 2286 1300 2351 Waltarus
1326 2286 1407 2350 Soa·

461 2384 542 2460 mel,
570 2385 723 2448 ecclesiae
757 2384 911 2468 ejusdem
943 2383 1105 2448 decanus
1159 2384 1285 2462 Maria,
1316 2384 1407 2466 regis

460 2482 533 2545 filia
555 2481 707 2564 Angliae,
735 2484 986 2548 Ambrasberiae
1015 2485 1285 2548 samtimonialis
1308 2483 1410 2548 effici-

460 2589 529 2660 tur,
548 2585 748 2664 parentibus
769 2583 1044 2660 assentientibus,
1061 2583 1143 2648 licet
1164 2604 1243 2648 cum
1263 2583 1407 2648 difficul-

461 2687 545 2758 tate,
563 2682 608 2745 ad
624 2683 826 2747 instantiam
841 2683 961 2746 matris
979 2683 1082 2764 ragis.

481 2893 505 2930 D.
517 2894 543 2928 N.
554 2893 573 2928 J.
586 2893 608 2929 0.
693 2894 715 2930 Ρ.
729 2895 891 2931 ROMANORUM
904 2897 930 2934 R.
1030 2897 1184 2934 FRANGORUM
1241 2900 1380 2936 suetorum

470 2875 1007 3107 mmmmm„
1029 2986 1138 3021 PHILIPPI
1151 2986 1190 3022 111.
1232 2987 1349 3022 auwlam
1362 2987 1382 3023 1.

712 3044 736 3087 5.
899 3045 940 3089 13.
1090 3046 1129 3090 15.
1286 3048 1325 3092 13.
1404 2879 1409 3116 Ι

512 3180 597 3244 Rnx
621 3180 771 3263 Angliae,
799 3183 840 3246 de
867 3182 1047 3247 Bristollia
1070 3181 1295 3246 cantuariam
1328 3201 1408 3265 pro-

390 3288 393 3294 '
460 3279 584 3358 fectus,
617 3280 787 3364 disposuit
814 3275 866 3345 ²in
898 3280 1034 3345 Gallias
1060 3281 1310 3360 transfretare3
1345 3280 1405 3344 sed

299 3689 370 3729 Death
379 3689 403 3728 oi

299 3739 379 3778 Martia
389 3739 434 3787 lv..

297 3792 320 3828 to
329 3789 399 3828 whom

297 3839 450 3880 Honoriuer.

298 3890 403 3928 succeeds.

462 3380 580 3445 audito
606 3401 742 3445 rumore
768 3382 810 3445 de
836 3381 1035 3445 infirmitate
1067 3380 1197 3457 matris,
1224 3381 1408 3445 revertitur

460 3477 755 3558 Ambresburiam,
772 3482 886 3544 missis
904 3481 1034 3544 nuntiis
1051 3482 1111 3562 qui
1129 3500 1166 3544 se
1181 3480 1273 3563 apud
1290 3499 1405 3562 regem

463 3578 632 3655 Franoiae,
652 3579 696 3642 ad
715 3579 815 3663 cujus
836 3581 1046 3662 colloquium
1070 3580 1219 3662 speciale
1241 3579 1407 3643 invitatus

461 3676 586 3756 suerat,
604 3687 823 3743 excusarent.
877 3680 1018 3743 Mortuo
1035 3698 1127 3761 papa
1148 3667 1315 3768 Martino,
1332 3699 1410 3742 suo-

461 3776 552 3840 oedit
574 3777 605 3840 ei
633 3778 813 3842 Honorius
840 3778 920 3856 IV.,
935 3779 1074 3842 natione
1093 3779 1285 3855 Romanus,
1313 3780 1408 3861 prius

461 3875 573 3938 dictus
597 3875 620 3938 J
624 3878 751 3940 acubus
783 3878 825 3941 de
850 3878 1001 3956 Sabella,
1030 3879 1086 3941 cui
1114 3878 1239 3960 pedum
1269 3897 1310 3941 ao
1340 3897 1409 3942 ma·

460 3994 566 4039 nuum
598 3975 670 4040 sare
700 3975 850 4040 officium
883 3979 1075 4042 abstulerat
1106 3977 1286 4042 arthritioa
1311 3978 1410 4059 aegri-

493 4179 720 4244 ¹‘Wikhauton;'
752 4186 790 4234 M.
818 4191 842 4234 et
871 4186 919 4236 Ar.
981 4186 1056 4237 ²‘in
1084 4185 1219 4250 Gallias;'
1250 4191 1354 4241 omitted
1381 4192 1407 4240 in

454 4252 463 4279 ‘
476 4252 677 4312 Winohintoua;’
702 4255 762 4305 Cod.
787 4255 852 4318 Reg.
877 4273 919 4306 su·
945 4258 1014 4308 Μ.

455 4337 510 4383 pra,
522 4337 549 4384 p.
560 4325 618 4372 2⁷5.
