3170 5020
586 483 771 534 assatas.
1088 469 1154 534 387

200 648 236 706 et
269 640 424 706 Henrieo
456 639 540 716 filio,
568 649 604 705 et
635 640 818 707 heredibus
849 659 979 718 eorum,
1005 641 1152 706 fidelita·
1166 657 1272 699 manaa

202 747 271 808 tem
298 748 420 805 contra
446 759 580 806 omnem
602 741 784 824 hominem,
806 739 896 808 sicut
922 741 1015 822 ligiis
1041 741 1149 806 domi·
1163 709 1269 810 fiili-fis

201 841 255 907 nis
287 840 370 906 suis.
423 839 471 904 Et
503 840 593 904 idem
621 841 817 908 Willelmus
847 861 910 906 rex
938 841 1074 920 Scotiae,
1105 841 1149 906 ad

201 939 401 1006 mandatum
435 939 581 1008 Henrici
609 941 700 1022 regis
733 940 901 1022 praedicti,
934 940 1029 1007 venit
1057 941 1149 1022 apud

203 1039 532 1122 Northamptoniam
565 1040 609 1104 ad
638 1039 901 1122 parliamentum
929 1039 1057 1105 domini
1082 1040 1149 1118 sui,

202 1139 376 1206 adducens
408 1158 522 1206 secum
555 1159 675 1204 omnes
707 1139 900 1222 episcopos,
932 1139 1088 1216 abbates,
1114 1147 1150 1204 et

202 1240 334 1321 priores
354 1240 462 1304 totius
482 1238 579 1321 regni
601 1239 674 1313 sui;
703 1246 738 1304 01
757 1240 851 1304 venit
873 1240 977 1304 etiam
996 1239 1038 1306 ad
1056 1258 1150 1304 man·

203 1339 321 1406 datum
336 1338 489 1422 ejusdem
506 1339 596 1420 regis
613 1338 649 1404 in
667 1337 928 1406 Normanniam.
976 1331 1148 1406 ¹Etide1n

203 1458 264 1504 rex
285 1438 493 1514 Willelmus,
515 1446 594 1521 post
613 1438 800 1504 discessum
829 1437 986 1514 Henrici,
1009 1438 1149 1504 veniens

204 1537 440 1614 Cantuariam,
467 1537 620 1602 Ricardo
645 1537 719 1619 regi
746 1535 897 1618 Angliae,
925 1537 995 1602 filio
1027 1545 1062 1604 et
1087 1538 1147 1605 he·

203 1637 276 1702 redi
301 1637 384 1702 dicti
411 1636 568 1714 Henrici,
594 1637 675 1703 fecit
697 1636 907 1719 homagium.
976 1635 1056 1716 Quo
1088 1637 1150 1703 Ri-

202 1736 307 1804 cardo
333 1737 425 1800 viam
452 1736 623 1802 universae
650 1737 765 1801 carnis
793 1737 961 1818 ingresso,
983 1737 1150 1820 praefatus

201 1836 397 1905 Willelmus
420 1836 551 1902 Joanni
573 1837 646 1919 regi
671 1834 820 1918 Angliaa,
845 1837 944 1903 fratri
967 1845 1002 1901 et
1034 1837 1150 1906 heredi

202 1937 359 2019 praedicti
385 1936 540 2014 aicardi,
562 1944 663 2002 extra
684 1936 859 2004 civitatem
884 1936 1073 2002 Lincolniae
1095 1930 1149 2004 ²in

203 2043 388 2119 conspectu
414 2035 521 2100 totius
548 2035 667 2117 populi
691 2036 774 2101 fecit
801 2036 1011 2116 homagium,
1035 2043 1071 2100 01
1091 2036 1149 2119 ju-

203 2137 295 2201 ravit
322 2135 353 2199 ei
381 2133 581 2200 fidelitatem
607 2153 711 2216 super
733 2153 868 2200 crucem
890 2134 1042 2200 Huberti
1066 2142 1148 2201 tunc

205 2233 464 2298 Canthariensis
502 2233 771 2316 archiepiscopi3
809 2240 845 2297 et
876 2233 984 2299 eidem
1019 2232 1043 2297 J
1046 2234 1149 2298 oanni

198 2334 343 2398 domino
372 2351 436 2399 suo
461 2333 631 2398 concessit
655 2353 717 2414 per
742 2332 896 2397 chartam
922 2351 1032 2409 suam,
1056 2333 1148 2414 quod

205 2430 440 2498 Alexandrum
465 2431 572 2498 filium
597 2451 710 2509 suum,
727 2431 816 2500 sicut
836 2432 1007 2498 hominem
1027 2432 1148 2513 ligium

204 2552 317 2608 suum,
342 2531 531 2608 maritaret,
559 2531 791 2613 promittendo
814 2531 958 2596 firmiter
982 2532 1018 2594 in
1033 2532 1153 2596 charta

203 2631 335 2708 eadem,
365 2630 457 2714 quod
487 2630 577 2696 idem
612 2630 808 2699 Willelmus
846 2651 909 2700 rex
941 2630 1080 2708 scotiae,
1117 2640 1153 2698 et

205 2729 405 2798 Alexander
438 2730 528 2796 filius
564 2749 660 2807 suus,
702 2729 857 2797 Haurico
891 2730 963 2796 filio
1005 2730 1153 2796 Joannis

203 2832 296 2914 regis
322 2829 475 2912 Angtie,
502 2836 668 2912 tanquam
691 2829 774 2912 ligio
803 2830 941 2895 domino
966 2849 1041 2907 suo,
1074 2850 1153 2894 con-

205 2939 260 2995 tra
294 2949 412 2995 omnes
439 2929 602 2994 mortales
630 2928 732 2993 fidem
763 2936 798 2993 et
828 2929 1027 2994 fidelitatem
1056 2937 1152 2994 tene-

203 3038 298 3098 rent:
326 3049 433 3112 aquo
458 3028 596 3110 quidem
615 3028 791 3096 Willelmo
815 3049 897 3111 rege
914 3029 1039 3097 Scotiae
1057 3037 1153 3112 post·

205 3130 353 3204 modum,
369 3148 433 3211 pro
452 3147 493 3194 eo
517 3128 611 3211 quod
635 3128 905 3210 desponsaverat
923 3129 1029 3196 filiam
1054 3148 1152 3192 suam

205 3228 322 3298 comiti
354 3227 511 3293 Boloniae
547 3235 674 3309 praeter
708 3227 732 3292 J
735 3228 857 3292 oannis
891 3228 982 3309 regis
1025 3227 1153 3291 domini

204 3329 258 3394 sui
274 3346 465 3404 assensum,
481 3346 545 3409 pro
567 3326 842 3410 transgressione
861 3333 896 3392 et
916 3333 1046 3392 temera
1066 3346 1153 3408 prae-

203 3427 399 3511 sumptione
440 3426 638 3511 hujusmodi
685 3427 835 3496 debitam
882 3426 1153 3492 satisfactionem

204 3528 367 3610 suscepit.

255 3627 378 3703 ‘Item
396 3623 598 3693 Alexander
615 3643 678 3691 rex
693 3625 832 3701 Scotiae,
847 3624 999 3693 sororius
1023 3631 1152 3700 noster,

206 3728 278 3809 regi
313 3725 468 3793 Henrico
498 3721 651 3806 Angliae,
679 3725 771 3808 patri
796 3732 928 3802 nostro,
960 3744 1023 3807 pro
1046 3744 1153 3806 regno

104 3850 112 3869 ·
205 3827 343 3903 Scotiae,
372 3832 408 3891 et
440 3831 562 3908 postea
591 3825 689 3889 nohis
714 3825 796 3892 fecit
821 3824 1030 3906 homagium.
1083 3823 1154 3887 Va-

240 4054 668 4116 11Αο001191101010;’Μο11.117001.
727 4051 738 4082 ¹
753 4055 797 4104 ‘in
818 4058 954 4116 conspectu
971 4053 1049 4102 totius
1066 4054 1155 4116 populi

205 4127 264 4175 who
279 4125 338 4175 here
355 4125 405 4174 end
423 4124 561 4178 elsewhere
576 4125 668 4174 inserts
692 4138 770 4186 super
780 4124 906 4187 quendam
921 4128 1028 4172 montem
1040 4123 1155 4173 1001110-

204 4197 247 4245 the
258 4196 356 4245 several
370 4196 453 4255 detes,
468 4209 497 4249 ns
510 4194 543 4244 do
559 4195 614 4244 also
625 4194 667 4244 the
692 4196 804 4258 magiam
816 4195 832 4257 3’
845 4195 921 4244 Matt.
934 4194 1014 4246 West.

204 4266 281 4315 MSS.
294 4265 341 4315 Ar.
353 4265 404 4314 and
415 4265 470 4314 Cet.
482 4264 644 4326 throughout.

981 4362 1048 4406 002
