3226 5020
620 485 804 536 anninus.
1121 467 1187 534 299

235 643 312 708 nuit
324 643 390 706 suh
402 642 467 707 hac
481 642 607 708 forma:
632 642 791 708 'videlicet
805 641 897 725 quod
914 645 1186 727 omnesvcaptivt
1199 658 1326 749 mru-

185 761 187 766 ’
235 763 324 825 quos
350 743 516 808 hactenus
541 743 674 807 ratione
696 744 788 825 regis
810 741 951 824 Angliae
976 743 1124 808 detinuit
1149 744 1185 808 in
1199 771 1271 809 nesce-

126 873 128 878 ·
237 842 395 921 vincuIiS,
422 842 623 925 simpliciter
642 850 678 908 et
699 844 773 906 sine
792 842 885 906 omni
906 841 1078 907 calumnia
1101 843 1185 907 lihe-

235 951 404 1009 rarentur.
457 942 547 1006 Item
574 962 637 1024 pro
658 962 745 1024 pace
767 949 802 1006 et
826 942 1068 1008 benevolentia
1092 943 1186 1025 regis

234 1039 393 1113 habenda
409 1041 507 1106 daret
524 1042 776 1125 quinquaginta
790 1041 899 1105 millia
914 1041 1078 1106 lihrarum
1096 1050 1184 1106 ster·

182 1184 185 1190 ·
235 1139 419 1222 lingonum,
437 1161 583 1224 quorum
603 1150 719 1207 tamen
742 1141 869 1206 solutio
891 1141 928 1206 in
953 1139 1186 1207 voluntate'et

233 1241 349 1321 gratia
378 1241 470 1322 regis
499 1241 597 1308 foret.
667 1241 757 1306 Item
788 1240 880 1324 quod
909 1247 1001 1305 terra
1037 1249 1186 1323 quatuor

227 1341 475 1405 vcantredorum
500 1339 574 1404 sine
600 1342 694 1405 omni
721 1341 993 1406 contradictione
1017 1343 1091 1422 regi
1113 1340 1186 1405 An·

236 1439 316 1520 glire
342 1447 378 1504 et
400 1441 472 1504 suis
500 1439 695 1518 heredibus,
713 1459 791 1504 cum
811 1441 970 1504 omnihus
993 1440 1094 1504 terris
1107 1460 1186 1505 con·

127 1529 129 1534 ’
235 1540 372 1621 quisitis
401 1560 462 1622 per
493 1560 609 1622 regem
637 1539 859 1622 hominesque
882 1541 1008 1621 region,
1037 1547 1185 1623 excepta

233 1639 347 1703 insula
362 1637 568 1721 'Angleseia,
589 1640 624 1704 in
650 1647 853 1722 perpetuum
875 1647 1077 1704 remaneret.
1127 1640 1185 1704 In·

235 1737 313 1801 sula
343 1740 433 1802 enim
460 1738 649 1820 Angleseia
676 1731 841 1802 concessa
870 1745 923 1803 est
949 1739 1109 1822 principi,
1134 1741 1185 1805 ita

234 1836 326 1918 quod
349 1839 465 1903 solvat
488 1859 552 1921 pro
573 1858 615 1904 ea
636 1838 781 1920 singulis
800 1838 902 1902 annis
923 1838 1017 1903 mille
1036 1857 1183 1917 marcas,

234 1956 379 2018 quarum
410 1937 537 2003 solutio
569 1938 764 2021 incipienda
786 1945 861 2002 erat
883 1938 920 2001 in
950 1939 1039 2003 festo
1071 1939 1183 2004 sancti

234 2035 415 2101 Michaelis
439 2038 599 2120 proximo
621 2045 704 2104 tuno
723 2037 907 2102 instantis:
940 2058 1002 2120 pro
1022 2038 1182 2120 ingressu

234 2156 315 2200 vero
349 2137 500 2220 quinque
530 2137 640 2201 millia
670 2156 863 2201 marcarum
893 2136 1003 2202 daret.
1078 2138 1123 2202 Et
1151 2138 1181 2202 si

233 2236 392 2319 princeps
414 2237 489 2300 sine
511 2236 635 2302 herede
661 2237 704 2300 de
726 2257 790 2302 suo
813 2256 957 2319 corpore
978 2244 1181 2313 moreretur,

234 2334 348 2400 insula
367 2335 429 2399 illa
448 2337 484 2399 in
503 2337 594 2419 regis
616 2335 756 2417 Angliae
772 2337 1024 2420 possessionem
1042 2336 1179 2402 rediret.

234 2433 435 2518 Item-quod
457 2437 615 2519 princeps
637 2437 769 2520 veniret
791 2436 827 2499 in
849 2433 972 2499 Natali
988 2435 1135 2498 Domini.
1144 2437 1180 2499 in

232 2532 398 2616 Angliam
415 2535 460 2598 ad
482 2555 610 2618 regem,
624 2556 688 2618 pro
703 2534 865 2616 homagio
882 2534 1048 2598 faciendo.
1089 2534 1180 2598 Item

234 2634 325 2715 quod
353 2634 468 2698 omnia
495 2634 657 2717 homagia
687 2634 827 2700 Walliae
849 2641 1065 2700 remanerent
1094 2635 1181 2715 regi,
1220 2625 1228 2643 ‘

234 2740 465 2815 praeterquam
495 2736 675 2811 baronum,
713 2734 772 2817 qui
809 2735 845 2798 in
883 2733 1032 2797 confinio
1063 2733 1181 2798 Snow·

235 2832 346 2896 doniae
373 2834 620 2914 morabantur;
663 2853 701 2898 se
728 2834 819 2897 enim
843 2833 1032 2915 principem
1055 2853 1181 2897 conve-

233 2931 366 2996 nienter
392 2952 517 2997 vocare
539 2953 608 2997 non
641 2940 769 3015 posset,
803 2931 870 2996 nisi
900 2934 964 2997 suh
986 2953 1024 2997 se
1046 2932 1182 3016 aliquos

232 3032 378 3096 barones
411 3031 563 3097 haberet.
627 3031 716 3096 Item
740 3032 830 3114 quod
864 3051 989 3096 nomen
1018 3033 1182 3115 principis

235 3139 369 3195 tantum
389 3132 531 3196 haberet
552 3131 596 3196 ad
618 3131 726 3196 vitam
751 3151 863 3208 suam,
884 3140 918 3196 et
941 3139 1181 3213 postmortem

234 3229 309 3312 ejus
351 3232 503 3314 quinque
542 3230 785 3313 praedictorum
818 3231 986 3294 baronum
1019 3230 1182 3313 homagia

233 3330 307 3411 regi
330 3329 468 3410 Angliae
499 3329 634 3406 fierent,
663 3337 699 3394 et
725 3330 798 3394 suis
819 3329 1001 3393 heredibus
1023 3329 1059 3392 in
1082 3337 1182 3393 aeter·

232 3448 323 3493 num.
377 3429 447 3494 Pro
476 3430 731 3494 assecuratione
753 3430 898 3494 istorum
921 3427 1063 3494 tradidit
1085 3428 1181 3511 prin-

232 3548 313 3611 ceps
334 3521 466 3594 ¹decem
490 3530 628 3594 obsides
654 3529 697 3592 de
724 3529 921 3592 melioribus
945 3528 1083 3592 Walliae
1105 3528 1182 3592 abs-

234 3647 300 3710 que
329 3628 611 3705 incarceratione,
654 3627 931 3705 exheredatione,
965 3634 1001 3692 et
1034 3627 1181 3692 termino
1235 3633 1237 3637 ’

231 3726 469 3807 liberationis;
493 3735 528 3792 et
551 3728 593 3791 de
615 3729 707 3791 omni
730 3728 905 3805 cantredo,
935 3726 1035 3791 etde
1061 3727 1183 3792 Snow·

231 3827 345 3904 donia
375 3836 410 3892 et
432 3828 475 3892 de
497 3821 666 3891 ²concilio
688 3827 852 3909 principis
875 3827 999 3908 viginti
1022 3827 1181 3890 meliores

227 3927 395 4010 jurabant
404 3928 508 3991 tactis
514 3927 744 3990 sacrosanctis
751 3927 918 4008 reliquiiS,
932 3920 1063 4013 ³[quod
1075 3945 1182 4009 quan-

233 4026 425 4110 documque
451 4028 611 4109 princeps
644 4025 794 4108 aliquem
822 4025 1065 4109 praedictorum
1082 4025 1182 4104 ¹arti·

268 4206 398 4271 ¹‘duoe;'
411 4211 459 4261 Ar.
471 4215 529 4261 220.
754 4208 824 4258 ἈΗ
834 4210 923 4260 within
934 4211 1052 4260 brackets
1063 4225 1106 4260 are
1114 4225 1184 4260 care·

267 4278 440 4341 ²‘conoilio;'
455 4277 523 4331 D'A.
719 4281 798 4342 lesnly
808 4281 912 4330 omitted
923 4282 950 4328 in
960 4279 1008 4330 Ar.
