3170 5020
569 497 752 546 Annaeus
1068 482 1133 544 401

181 642 365 707 duxerunt.
435 644 527 708 Dum
567 644 665 710 fieret
702 648 769 710 iste
795 645 1000 722 ‘conflictum
1033 646 1131 710 miles
1143 668 1228 730 onum

182 741 322 823 quidam
350 743 474 807 nobilis
503 745 677 810 Robertus
711 745 754 808 de
785 744 922 821 Nerile,
948 746 1129 810 missarum
1142 720 1256 809 diliis

182 840 324 904 audiens
352 842 531 921 solemnia,
563 844 657 928 (erat
688 845 778 909 enim
807 845 989 909 Dominiea
1020 846 1132 926 prima
1143 819 1235 859 ⁸⁰⁹⁰*

183 938 497 1027 Quadrngesimae‚)
519 963 598 1025 quae
624 950 725 1025 gesta
750 943 887 1008 fuerant
913 945 1050 1024 penitus
1076 946 1129 1026 ig·

181 1040 339 1104 norabat.
405 1039 493 1106 Post
518 1041 658 1106 missam
689 1061 771 1106 vero
801 1061 973 1125 egressus,
1005 1062 1082 1106 eum
1109 1063 1131 1108 a

182 1137 402 1202 redeuntibus
432 1140 585 1205 audisset
614 1141 737 1205 Scotos
771 1142 960 1222 praevalere
989 1142 1024 1204 in
1054 1140 1129 1205 An-

181 1236 302 1318 glicns,
326 1238 408 1303 illue
435 1258 510 1304 cum
538 1241 611 1304 suis
638 1247 792 1304 armatus
821 1259 1022 1323 properans,
1046 1241 1130 1304 mul-

182 1342 236 1399 tos
263 1339 427 1419 pe1·emit;
463 1339 609 1421 aliisque
638 1339 779 1420 legatie,
810 1341 968 1421 captivos
993 1339 1129 1422 aliquos

182 1435 339 1500 reduxit:
368 1456 431 1501 nec
454 1438 496 1501 de
519 1438 573 1501 his
592 1437 652 1521 qui
673 1439 788 1502 missae
810 1457 887 1502 cum
907 1458 948 1503 eo
970 1439 1129 1503 interfue-

180 1541 260 1597 rant
282 1536 464 1617 quisquam
490 1545 613 1619 eaptus
640 1536 718 1614 luit,
747 1543 809 1601 aut
834 1538 988 1618 graviter
1009 1537 1129 1603 vnlne-

182 1639 291 1710 ratus,
313 1634 374 1697 sed
401 1654 464 1698 nec
485 1637 615 1700 corruit
637 1655 724 1699 unus
742 1636 848 1700 solus,
901 1636 1026 1700 Comes
1052 1637 1129 1702 Ma-

182 1733 328 1808 reseelli,
346 1733 444 1797 fratri
461 1753 525 1798 suo
542 1734 566 1799 J
568 1736 672 1799 oanni
690 1735 853 1812 offensus,
870 1743 1015 1818 captans
1038 1737 1129 1817 rogis

181 1831 469 1910 benevolentiam,
492 1853 610 1899 omnes
637 1842 747 1898 terras
769 1854 851 1898 suas
879 1838 952 1917 regi
976 1834 1129 1914 donavit,

182 1931 234 1994 ite
259 1938 299 1994 ut
323 1933 354 1995 ei
381 1933 526 2016 adjectis
552 1935 645 1997 mille
672 1934 806 1998 libratis
835 1942 1004 1998 terrarum
1033 1935 1129 1999 redo·

180 2037 347 2093 narentur
369 2031 548 2096 advitam.
601 2032 681 2096 Rex
704 2033 824 2096 audite
850 2034 1034 2098 rebellione
1047 2033 1129 2098 Sco·
1142 2055 1232 2094 novur

1140 2106 1215 2144 makes
1224 2116 1238 2144 n

181 2134 307 2203 torum,
325 2130 416 2210 apud
441 2129 719 2212 Rolresburgiem
744 2132 781 2194 in
804 2131 934 2208 Scotia,
951 2151 996 2194 ex
1016 2132 1128 2196 edicto
1140 2165 1236 2203 aava·

181 2227 332 2308 publico,
356 2227 393 2289 in
416 2228 505 2292 festo
528 2227 765 2305 Pentecosten,
783 2231 974 2293 exereitum
1000 2204 1240 2293 aduno-illllflu

1141 2313 1164 2341 es
1173 2303 1206 2342 ter
1217 2313 1240 2341 ae

182 2326 253 2401 vit;
281 2326 572 2408 progrediensque
595 2328 712 2409 parvis
735 2328 848 2405 dietis,
869 2336 979 2393 totam
1004 2336 1129 2393 terram
1140 2352 1259 2392 cannen..

183 2424 351 2506 usquein
375 2423 630 2503 Cantenasiam,
658 2445 736 2509 quae
760 2428 868 2490 estin
890 2427 1021 2492 ultimis
1044 2428 1128 2492 Sco·

184 2523 242 2586 tiae
259 2523 395 2600 finibus
413 2524 650 2606 perlustravit,
663 2525 926 2611 nemine-aperti
943 2526 1052 2608 praelii
1070 2546 1128 2592 eo·

182 2622 276 2705 piam
298 2617 471 2687 faciente.¹
540 2623 709 2688 Videntes
730 2625 849 2706 itaque
876 2625 971 2689 Scoti
997 2645 1035 2689 se
1060 2646 1129 2690 non

182 2740 284 2803 posse
301 2722 473 2799 resistere,
490 2723 604 2786 missis
627 2723 756 2787 nuntiis
779 2726 976 2806 petiverunt
993 2724 1128 2789 humili-

182 2827 236 2885 ter
255 2841 276 2885 a
295 2840 377 2902 rege
397 2821 442 2885 ad
465 2839 583 2904 pacem
607 2841 704 2886 snam
727 2823 854 2905 reeipi3
879 2831 914 2887 et
931 2831 971 2887 ut
986 2825 1127 2910 permit·¹

182 2927 271 2984 toret
301 2921 360 2996 eis,
389 2919 471 2986 dato
501 2921 612 3002 pretio
645 2923 689 2984 ab
719 2920 772 2983 bis
803 2923 929 3004 quibus
959 2943 1021 3004 per
1050 2942 1127 2986 eum

182 3019 318 3084 eollatae
340 3026 451 3097 erant,
471 3019 639 3084 redimere
659 3027 770 3084 terras
792 3040 885 3084 suas,
937 3020 1129 3104 Adquievit

181 3139 243 3182 rex
269 3137 388 3183 eorum
409 3119 581 3201 precibus,
598 3126 634 3183 et
650 3119 785 3183 rediens
807 3127 958 3184 castrum
976 3121 1018 3183 de
1040 3120 1127 3185 Stri-

182 3217 287 3292 velin‚
305 3216 397 3299 quod
420 3217 516 3281 Scoti
538 3225 793 3300 occupaverant
812 3225 847 3283 et
866 3226 989 3283 contra
1011 3238 1128 3299 regem

183 3315 423 3392 defendebant,
439 3313 558 3401 (cujus
583 3318 798 3399 expugnatio
816 3318 851 3379 in
877 3315 1129 3398 progrediendo

216 3496 226 3530 ¹
243 3499 297 3549 Tbe
321 3501 380 3549 Cod.
395 3500 461 3550 Mer.
483 3498 543 3548 here
566 3499 640 3559 adds,
666 3499 762 3560 Gomyn
780 3515 813 3551 ex
828 3501 908 3550 altera
927 3504 998 3562 parte
1019 3500 1128 3549 fluminis

179 3568 352 3630 ‘Regrediens
371 3570 424 3619 sine
444 3569 511 3619 omni
532 3568 639 3630 impedi·
665 3583 722 3618 eum
733 3572 786 3620 tota
801 3569 930 3618 Scotorum
943 3573 1067 3630 potestate
1081 3570 1127 3617 ed-

182 3643 265 3687 mento
283 3639 396 3699 pervenit
414 3653 494 3699 usque
514 3637 640 3698 Strivelin,
665 3640 742 3687 venit.
779 3638 860 3700 Cujus
878 3637 987 3686 adventu
1004 3639 1036 3687 eb
1054 3652 1126 3687 exer-

181 3711 255 3770 cujus
280 3712 391 3758 castrum
413 3708 481 3756 Sooti
507 3707 639 3766 tenebant;
665 3708 717 3755 citu
734 3708 802 3768 regis
821 3712 949 3769 percepto,
968 3721 1054 3755 omnes
1072 3721 1126 3756 eor-

180 3791 226 3824 nee
246 3777 391 3828 intendebat
407 3791 438 3825 ea
456 3777 510 3826 vice
530 3780 639 3824 cestuum
664 3777 744 3840 reptis
758 3777 834 3826 armis
851 3789 930 3839 equos
942 3776 1126 3836 ascenderunt3
1154 3835 1155 3840 ¹

181 3847 306 3905 obsidere,
328 3845 373 3896 sed
398 3846 503 3896 transire
527 3844 640 3906 fluvium,
666 3860 722 3902 oum
741 3845 834 3908 quihus
850 3850 876 3894 et
890 3859 935 3894 rex
950 3846 1005 3906 ipse
1022 3845 1125 3895 fluvium

181 3916 226 3977 qui
251 3929 319 3965 mare
349 3915 509 3964 Scotieanum
538 3912 640 3974 dieitur,
666 3915 805 3976 ingressus,
818 3915 912 3963 vadum
929 3929 976 3975 pro
991 3928 1019 3963 se
1035 3919 1061 3962 et
1073 3915 1127 3964 suis

180 3999 226 4046 per
253 3988 363 4046 pontem,
390 3997 466 4044 quem
493 3983 561 4032 Senti
585 3985 640 4045 jem
666 3984 769 4046 invenit,
777 3985 901 4046 dirigente
912 3983 1029 4044 Domino,
1037 3998 1128 4045 oppor-

178 4055 307 4116 fregerunt
333 4058 358 4102 et
380 4053 579 4112 combusserunt,
609 4067 640 4099 ne
666 4057 764 4104 turum.
788 4053 865 4104 Quod
873 4052 987 4102 ridentes
998 4052 1066 4100 scoti
1074 4067 1128 4102 ver-

180 4125 223 4172 eui
234 4126 331 4186 pateret
339 4122 459 4172 bansitus
471 4121 640 4182 pereundem.
666 4124 754 4170 tuntur
778 4123 804 4172 in
829 4123 925 4184 sugam.
951 4121 1128 4182 fugientesque

180 4193 250 4243 Dum
258 4196 343 4242 eutem
351 4191 462 4242 rexfixis
471 4189 642 4252 papilionibus
667 4191 834 4251 insequuntur
851 4190 954 4252 Angliei
969 4191 1003 4238 ed
1017 4192 1128 4252 spatium

179 4263 212 4312 ad
224 4261 358 4325 prandium
373 4275 401 4310 se
411 4264 521 4322 peraret,
531 4260 643 4308 Joannes
667 4260 813 4311 milliarium
824 4262 900 4308 trium
912 4264 938 4308 et
948 4256 1031 4310 ultra.¹

915 4351 978 4398 DD
