3226 5020
442 504 508 568 252
806 520 878 568 ruc.
895 519 1042 567 rnrvnrr

442 680 521 744 fuso
541 678 693 744 clamore
716 678 902 761 congessit,
926 683 962 743 et
979 678 1078 763 jactu
1102 676 1166 740 luti
1185 683 1220 740 et
1246 675 1398 759 lapidum

443 781 488 844 ad
504 781 626 844 turrim
644 780 760 861 coegit
777 779 915 843 reverti.

282 899 392 949 eropum
496 880 612 962 Igitur
630 881 720 943 inter
740 898 855 960 regem
879 886 914 942 et
934 876 1092 940 comitem
1117 877 1182 940 sub
1206 877 1259 940 his
1283 876 1400 940 coudi·

280 951 422 1048 {helidim
445 981 597 1044 tionibus
625 998 696 1062 pax
723 978 913 1042 formatur:
950 976 1122 1052 videlicet,
1150 978 1249 1041 utin
1279 976 1398 1060 primis

281 1050 422 1140 ”amm
445 1079 621 1144 Henricus
641 1078 732 1162 regis
755 1077 970 1142 Alamanniae
994 1076 1097 1153 filius,
1118 1077 1178 1159 qui
1205 1084 1288 1141 tunc
1307 1077 1399 1159 parti

444 1181 581 1244 comitis
613 1187 735 1244 contra
772 1199 887 1260 regem
918 1176 1098 1241 adhaerens
1131 1184 1254 1259 captus
1292 1186 1326 1241 et
1361 1177 1397 1239 in

445 1279 603 1344 custodia
625 1279 786 1344 detentus
808 1278 933 1355 fuerat,
955 1277 1179 1357 liberaretur3
1212 1276 1333 1340 deinde
1359 1285 1399 1340 ut

445 1388 561 1445 castra
581 1381 672 1463 regis
695 1379 811 1444 omnia
829 1398 891 1462 per
913 1384 1022 1442 totam
1043 1375 1208 1458 Angliam
1229 1377 1397 1440 baronum

446 1479 612 1545 custodiae
638 1480 876 1556 traderentur3
905 1478 986 1543 item
1016 1484 1056 1540 ut
1081 1476 1302 1540 Provisiones
1327 1477 1400 1540 Ox-

446 1582 536 1644 oniaa
560 1579 805 1644 inviolabiliter
833 1584 1065 1654 servarentur,
1093 1588 1128 1643 et
1158 1576 1250 1660 quod
1279 1596 1397 1640 omnes

446 1680 649 1761 alienigenae
678 1679 769 1742 infra
802 1686 932 1742 certum
972 1685 1108 1759 tempus
1136 1697 1281 1759 regnum
1318 1695 1399 1740 eva-

446 1787 600 1856 cuarent,
625 1779 780 1861 exceptis
803 1779 856 1841 his
882 1796 1028 1860 quorum
1054 1796 1185 1846 moram
1214 1777 1331 1840 fideles
1357 1776 1400 1840 de

447 1897 567 1961 reguo,
590 1897 731 1952 assensu
760 1879 925 1953 unanimi,
951 1884 1193 1960 acceptarent3
1226 1883 1398 1959 postremo

447 1993 486 2042 ut
504 1977 688 2060 indigenae,
704 1997 812 2060 regno
830 1978 948 2042 fideles
964 1985 999 2041 et
1014 1977 1129 2052 utiles,
1146 1979 1286 2058 negotia
1300 1977 1397 2059 regni

447 2078 489 2141 de
515 2086 630 2143 cetero
655 2079 719 2142 sub
747 2098 828 2160 rege
854 2078 1086 2160 disponerent.
1147 2076 1228 2154 Sed,
1254 2077 1307 2140 his
1329 2096 1398 2140 non

447 2179 678 2255 obstantibus,
705 2179 832 2242 milites
859 2177 999 2261 quidam
1022 2176 1065 2240 de
1087 2185 1186 2261 parte
1208 2179 1300 2260 regis
1322 2193 1398 2241 cas-

447 2285 537 2343 trum
574 2279 616 2342 de
648 2277 867 2344 Windelsore
897 2277 1105 2341 victualibus
1139 2277 1337 2341 munierunt
1364 2287 1399 2342 et

447 2379 563 2443 armis.
617 2378 808 2444 Edwardus
833 2397 915 2442 vero
942 2377 1033 2440 filius
1059 2377 1151 2458 regis
1176 2376 1219 2440 ad
1245 2385 1397 2441 castrum

449 2477 605 2544 Bristolli
625 2480 733 2556 venit,
755 2479 815 2542 ubi
835 2479 926 2542 inter
948 2476 1074 2541 milites
1095 2495 1176 2541 suos
1196 2483 1232 2542 et
1250 2477 1399 2544 villanos

448 2579 591 2643 suborta
618 2578 801 2656 discordia,
835 2578 1005 2642 avertitur
1046 2578 1090 2641 ab
1123 2596 1165 2640 eo
1199 2578 1294 2654 villa,
1324 2577 1399 2661 jam

448 2697 576 2759 parans
597 2678 810 2742 obsidionem
833 2697 960 2761 ponere
988 2676 1080 2740 circa
1102 2683 1277 2757 castrum3
1308 2676 1400 2759 quod

448 2777 631 2841 advertens
656 2777 858 2852 Edwardus,
885 2776 1094 2854 Walterum,
1123 2775 1400 2858 wigorniensem

448 2877 661 2958 episcopum,
685 2878 746 2959 qui
768 2884 901 2959 partem
926 2878 1093 2941 baronum
1116 2876 1214 2952 fovit,
1241 2877 1401 2941 accersiri

447 2975 541 3052 fecit,
564 2984 605 3040 ut
629 2976 666 3039 in
687 2976 763 3061 ejus
789 2976 961 3042 conductu
985 2976 1096 3059 patris
1121 2976 1252 3040 curiam
1275 2976 1398 3055 adiret,

448 3074 621 3156 spondens
646 3095 684 3140 se
707 3077 798 3159 patri
818 3076 948 3160 atejus
970 3074 1113 3140 consilio
1135 3095 1177 3139 ea
1200 3096 1278 3159 quae
1304 3077 1400 3159 pacis

449 3181 548 3239 erant
574 3174 756 3241 efficaciter
778 3175 934 3241 suadere.
987 3175 1168 3240 Profectus
1194 3177 1301 3258 igitur
1322 3196 1399 3240 cum

449 3275 624 3360 episcopo,
648 3296 726 3341 cum
758 3277 1052 3359 appropinquaret
1085 3285 1200 3340 castro
1231 3276 1273 3339 de
1301 3275 1400 3340 Win-

449 3374 594 3454 delsore‚
626 3376 802 3458 ingressus
837 3384 891 3440 est
928 3376 1038 3451 illud;
1081 3376 1173 3458 quod
1203 3384 1400 3459 suspectum

345 3475 347 3482 '
449 3475 579 3540 habens
611 3477 794 3558 episcopus
830 3476 920 3539 male
953 3476 1045 3540 tulit.
1123 3473 1252 3539 Comiti
1283 3483 1399 3540 tamen

449 3574 592 3657 Symoni
616 3595 693 3639 cum
721 3577 785 3639 sibi
809 3575 1076 3652 adhaerentibus,
1107 3575 1300 3640 volentibus
1323 3593 1399 3639 cas-

449 3683 539 3738 trum
570 3675 739 3753 obsidere,
770 3677 920 3740 occurrit
947 3674 1138 3739 Edwardus
1163 3677 1262 3763 quasi
1290 3675 1402 3740 media

447 3775 518 3852 via,
545 3775 636 3838 circa
668 3775 786 3840 villam
818 3775 861 3839 de
891 3773 1100 3857 Kingeston‚
1131 3775 1227 3857 pacis
1256 3775 1401 3839 offerens

447 3975 595 4025 Provisions
618 3975 648 4025 oi
668 3975 775 4025 Oxiord.
815 3976 909 4026 Chron.
935 3976 1013 4037 bably
1036 3977 1146 4039 through
1173 3976 1253 4026 dread
1280 3976 1310 4025 oi
1334 3982 1401 4026 trea-

447 4046 590 4094 Dunstabla
614 4060 683 4107 says,
701 4046 757 4094 that
776 4046 850 4094 when
867 4047 910 4096 the
935 4042 1037 4116 chery),
1057 4047 1108 4096 and
1131 4047 1186 4096 that
1203 4047 1249 4096 she
1269 4061 1323 4096 was
1345 4061 1403 4096 con·

447 4130 528 4176 queen
548 4130 603 4164 was
622 4116 711 4164 driven
730 4115 796 4164 back
816 4117 850 4177 by
867 4116 910 4166 the
935 4116 1030 4166 ducted
1056 4122 1082 4166 to
1113 4117 1156 4166 the
1186 4112 1297 4179 bishop’s
1323 4117 1402 4166 house

447 4187 504 4233 moh
507 4185 911 4247 ,beingrescuedbythemayor
935 4192 962 4236 at
990 4187 1026 4236 St.
1052 4182 1159 4246 Paul’;s
1189 4187 1283 4238 Chron.
1307 4187 1403 4237 Dunst.

447 4255 476 4304 οἰ
495 4255 606 4318 London,
623 4255 666 4304 the
684 4255 746 4318 king
764 4255 866 4305 refused
885 4261 910 4305 to
935 4273 961 4354 p
984 4261 1041 4307 357.
1090 4252 1169 4322 D’d.,
1200 4257 1327 4320 however,
1356 4257 1402 4307 has

447 4324 527 4375 admit
537 4325 582 4374 her
589 4325 678 4374 within
686 4326 728 4374 the
739 4326 830 4376 Tower
839 4322 943 4394 (pro-‘
952 4323 1026 4377 eum?
