3204 5028
563 512 747 560 nuulnns.
1068 495 1133 560 123

174 673 312 748 Risam,
338 671 420 737 illuc
444 671 582 736 obviam
609 663 658 734 ¹ei
685 678 861 754 properat,
884 690 924 734 ac
953 689 1029 734 eam
1054 670 1134 742 inda
1147 687 1240 778 {papa

175 792 292 836 secum
314 790 424 855 usqua
448 770 649 835 Messanam
672 771 829 836 adduxit.
882 771 1048 836 Habebat
1072 790 1133 835 au·
1146 748 1275 876 mistiam

176 880 248 936 tam
268 872 390 954 ragina
405 869 573 936 Alienora
595 890 711 935 secum
735 871 771 934 in
794 871 961 937 comitatu
986 871 1134 936 nobilem
1148 840 1282 888 aarum.

176 973 342 1056 puellam,
370 971 476 1034 filiam
504 970 596 1052 ragis
629 970 812 1048 Navarrae,
844 972 983 1035 nomina
1008 971 1135 1036 Beren-

177 1073 325 1156 gariam,
342 1072 435 1153 regis
449 1071 593 1135 Ricardi
610 1070 762 1135 futuram
778 1090 933 1135 uxorem.
982 1071 1135 1136 Recusa·

178 1179 279 1237 verat
303 1171 392 1234 enim
419 1191 482 1235 rex
506 1170 691 1249 Ricardus,
718 1190 834 1235 amora
856 1171 950 1234 illins
979 1171 1137 1249 allectus

180 1291 335 1336 sororem
350 1271 442 1353 regis
458 1271 681 1334 Francorum.
725 1271 891 1336 Alienora
908 1271 999 1353 regis
1016 1279 1137 1348 mater,

180 1378 262 1455 post
279 1371 429 1453 aliquam
446 1390 589 1448 moram,
607 1370 802 1453 regrediens
820 1391 882 1455 par
900 1371 1027 1453 bargas
1043 1371 1138 1435 venit

182 1472 374 1548 Salernam,
397 1478 432 1534 et
452 1470 532 1534 inde
553 1471 589 1534 in
609 1470 882 1550 Normanniam3
910 1470 1056 1554 praefata
1073 1470 1138 1534 Bc-

183 1572 345 1653 rengaria
368 1589 447 1634 cum
475 1590 556 1652 rega
587 1571 740 1636 Ricardo
770 1571 903 1647 relicta,
934 1590 1038 1654 quam
1068 1589 1139 1634 una

184 1691 261 1734 cnm
288 1690 406 1735 sorore
432 1689 496 1734 sua
520 1671 640 1752 regina
668 1671 796 1735 Siciliae
822 1671 989 1754 praemisit
1017 1689 1138 1737 versus

184 1771 338 1855 Cyprum
360 1771 396 1834 in
418 1770 565 1835 navibus
588 1790 666 1853 quaa
686 1772 792 1853 vulgo
815 1771 997 1836 dromones
1019 1769 1139 1835 dicun-

183 1879 251 1948 tur,
278 1871 415 1953 ipsein
441 1871 550 1952 galcis
576 1890 658 1934 mox
685 1890 763 1934 cunr
796 1872 943 1935 navibus
973 1872 1139 1936 onerariis

185 1977 379 2035 secuturus.
431 1971 499 2034 Die
511 1972 629 2054 itaque
645 1970 811 2035 Mercurii
826 1980 905 2054 post
920 1972 1136 2035 Dominicam

182 2072 219 2134 in
250 2071 357 2135 ramis
390 2070 603 2149 Palmarum,
634 2071 891 2154 adspirantibus
924 2072 1030 2149 auris,
1059 2091 1138 2136 cum

185 2172 297 2236 classa
320 2171 459 2235 navium
483 2171 624 2253 copiosa
651 2191 713 2235 rex
740 2171 971 2255 progreditur,
1001 2171 1139 2236 diversa

186 2271 223 2335 in
253 2271 315 2334 illa
347 2271 570 2352 navigatione
602 2271 707 2334 maris
738 2271 893 2355 pericula
926 2281 961 2336 et
989 2271 1139 2355 plurima

186 2371 370 2455 experiens
402 2370 591 2434 infortunia
623 2377 890 2455 tempestatum
928 2389 1074 2453 quarum
1104 2370 1141 2433 vi

185 2471 352 2553 dispersas
383 2477 466 2534 sunt
489 2489 607 2547 naves,
639 2470 681 2534 dc
712 2471 838 2554 quibus
868 2469 1027 2553 quaedam
1054 2488 1140 2552 prae-

186 2578 359 2637 venerunt
381 2589 509 2652 regem,
535 2589 679 2654 quarum
704 2578 774 2636 tres
797 2569 984 2654 perierunt,
1008 2578 1043 2635 at
1066 2570 1142 2651 qui·

188 2672 269 2735 dam
310 2670 370 2753 qui
412 2670 548 2735 inerant
589 2671 758 2735 submersi
800 2677 894 2748 sunt,
931 2670 1021 2735 inter
1053 2689 1141 2753 quos

187 2771 350 2852 Rogerus
366 2770 649 2835 Malus-Catulus
672 2772 765 2853 regis
787 2770 956 2852 sigillifer,
979 2790 1057 2834 cum
1079 2790 1141 2833 cu-

182 2872 244 2955 jus
262 2870 367 2934 ctiam
390 2889 533 2954 corpore
556 2870 709 2953 sigillum
731 2878 854 2953 postea
873 2877 927 2934 est
950 2870 1140 2934 inventum.

188 2971 319 3034 Eorum
342 2988 425 3035 vero
451 2971 511 3054 qui
536 2969 755 3052 naufragium
778 2978 975 3047 evaserunt,
993 2971 1049 3035 val
1072 2968 1142 3034 ²in-

186 3070 277 3152 tegri
294 3077 525 3153 pervenerunt
542 3069 584 3133 ad
598 3078 739 3147 terram,
754 3070 894 3153 quidam
912 3071 956 3135 ab
970 3071 1142 3152 indigenis

187 3171 415 3254 perimuntur,
449 3171 589 3252 quidam
620 3190 703 3234 vero
734 3171 839 3235 armis
873 3171 1013 3252 spoliati
1045 3179 1079 3234 at
1105 3171 1141 3232 in

187 3270 380 3335 custodiam
395 3270 584 3334 intromissi
598 3269 712 3333 inedia
729 3269 940 3352 affliguntur.

241 3370 285 3434 In
307 3370 363 3434 die
385 3390 467 3434 varo
490 3369 526 3434 S.
543 3369 691 3434 Joannis
714 3377 794 3434 ante
818 3369 961 3433 Portam
982 3368 1141 3432 Latinam
1156 3388 1289 3428 nestram

188 3490 252 3534 rex
281 3470 452 3534 Ricardus
475 3489 553 3535 cum
581 3470 745 3535 universo
769 3470 936 3534 comitatu
962 3487 1038 3546 suo,
1063 3476 1142 3550 post
1155 3439 1297 3534 fflifssiy

189 3571 319 3634 multos
342 3577 377 3634 at
399 3569 598 3635 fastidiosos
620 3570 769 3646 laboras,
795 3569 921 3653 quibus
946 3568 1142 3632 retardatus
1155 3540 1244 3638 ’0ᾞῖἔί

188 3678 276 3747 arat,
307 3670 522 3752 gubernante
547 3671 639 3747 Dao,
664 3669 832 3734 deductus
855 3675 908 3732 est
931 3668 974 3731 ad
1005 3675 1142 3751 portum
1157 3640 1235 3689 Μ’

190 3769 299 3853 Cypri
328 3769 420 3852 apud
452 3771 570 3834 urbam
598 3763 791 3832 ³Limeznn.
845 3767 921 3832 Nec
956 3768 1075 3832 statim
1107 3769 1144 3830 in

188 3879 318 3936 terram
335 3870 500 3946 ascendit,
525 3870 585 3934 sed
610 3870 653 3934 ad
679 3877 815 3952 tempus
831 3888 869 3932 se
886 3867 1040 3932 cohibuit
1055 3867 1145 3930 infra

190 3989 310 4034 navas.
363 3967 503 4034 Auditis
517 3990 599 4034 varo
615 3969 837 4052 querimoniis
851 3988 955 4050 super
968 3968 1144 4032 hominum

230 4236 236 4264 ¹
256 4232 325 4284 D’A.
336 4235 410 4283 omits
421 4235 428 4262 ⁴
438 4230 478 4284 ei?
715 4229 898 4281 ³‘Lunezeum
906 4227 921 4292 ;'
935 4233 972 4282 M.
980 4229 1055 4281 etAr.
1078 4231 1146 4279 Now

229 4305 239 4336 ²
255 4307 316 4368 ‘qui
329 4305 420 4366 integri
427 4299 444 4366 ς’
462 4302 532 4353 n’l.
682 4303 801 4352 Limasol.
