3252 5026
602 499 786 548 suranus.
1104 481 1170 548 177

213 657 354 740 provisa
379 657 430 721 eis
456 675 594 721 annona
619 657 799 721 constituit
826 654 1034 722 sacerdotes
1087 653 1168 724 Mo·

212 757 313 821 nachi
330 755 599 822 cantuarienses
622 757 657 820 in
679 757 847 822 electione
865 756 972 820 futuri
995 755 1170 838 pontificis

213 857 400 934 discordes,
446 857 505 920 alii
549 857 752 938 magistrum
792 851 1043 939 ¹Reginaldum
1087 856 1170 919 sub-

215 958 364 1040 priorem
394 975 508 1034 suum,
535 956 595 1021 alii
620 955 793 1020 Joaunem
821 956 863 1020 de
889 949 1006 1038 'Gray
1035 953 1167 1020 North-

151 1081 155 1088 ·
213 1058 408 1134 wicensem,
425 1057 623 1139 episcopum
642 1057 833 1139 elegerunt.

265 1155 448 1239 Philippus
480 1156 692 1220 Francorum
724 1177 799 1230 rex,
823 1158 946 1220 castris
970 1153 1167 1220 fortissimis

215 1256 343 1321 Lochis
360 1264 395 1321 et
414 1255 570 1321 Chinone
593 1257 718 1338 captis,
741 1275 763 1320 a
784 1256 935 1320 dominio
954 1255 1167 1337 Andegaviae

215 1365 249 1421 et
272 1357 437 1420 Turoniae
463 1357 618 1421 totaliter
645 1375 759 1438 regem
787 1356 979 1438 Anglorum
1008 1355 1166 1419 exclusit.

215 1456 267 1520 Eo
295 1465 447 1539 tempore
470 1476 538 1539 quo
567 1457 750 1539 episcopus
780 1457 935 1521 Didacus
960 1475 1038 1519 cum
1064 1456 1320 1559 beatoffpdnppinio

216 1557 400 1622 Dominico
415 1556 598 1620 insistebat
613 1556 871 1638 praedicationi
862 1577 898 1620 rn
910 1556 1065 1639 partibus
1076 1554 1168 1620 Tho-
1181 1569 1310 1620 althenses

216 1656 358 1733 losauis,
380 1657 528 1737 contigit
550 1663 590 1720 ut
604 1655 695 1739 apud
720 1656 895 1722 Montem·
898 1655 1067 1738 Regalem
1090 1674 1167 1719 cum

216 1756 498 1839 praedicatoribus
529 1754 718 1821 Catholicis
752 1757 906 1820 haeretici
938 1756 1168 1838 disputarent.

220 1856 320 1920 Unus
330 1863 446 1920 autem
460 1856 502 1919 de
511 1857 651 1932 nostris,
666 1856 869 1920 Dominicus
887 1857 1036 1932 nomine,
1053 1856 1169 1919 socius

216 1956 370 2040 episcopi
393 1955 613 2033 OxomensiS,
632 1956 722 2020 sicut
745 1957 781 2020 in
812 1955 931 2022 Gestis
955 1955 1022 2020 viri
1044 1956 1169 2020 nobilis

172 2124 175 2130 ,
217 2057 452 2138 nominatique
476 2056 625 2120 Simonis
645 2055 780 2120 comitis
807 2055 1055 2122 Montis-fortis
1083 2055 1169 2136 legi·

218 2164 285 2233 tur,
301 2157 527 2221 auctoritates
544 2155 631 2238 quas
649 2156 684 2218 in
702 2155 851 2222 medium
869 2155 1081 2238 produxerat
1095 2155 1171 2218 red-

219 2257 291 2339 egit
324 2257 360 2320 in
389 2256 540 2339 scriptis,
571 2262 607 2319 et
638 2248 791 2320 ³cuidam
829 2255 993 2319 haeretico
1027 2254 1169 2318 tradidit

217 2356 428 2433 schedulam,
450 2364 489 2420 ut
506 2375 610 2438 super
629 2355 773 2438 objectis
790 2347 1006 2420 *deliberatis
1026 2374 1169 2437 respon·

218 2457 326 2524 deret.
379 2455 448 2536 Qui
472 2463 573 2520 nocte
596 2454 640 2520 ad
664 2456 780 2537 ignem
805 2455 928 2519 sedens
957 2475 1034 2519 cum
1054 2455 1168 2531 sociis,

217 2557 260 2622 de
282 2575 400 2621 eorum
425 2575 569 2622 assensu
594 2555 793 2622 schedulam
819 2554 965 2639 projecit
987 2554 1169 2636 inignem,

218 2657 312 2722 facta
341 2656 590 2738 protestatione
616 2655 707 2739 quod
736 2656 767 2719 si
794 2655 1063 2732 combureretur,
1087 2673 1170 2719 vera

220 2765 311 2820 esset
333 2756 430 2832 fides,
451 2756 554 2820 immo
572 2756 729 2839 perfidia,
754 2755 1012 2835 haereticorum3
1039 2755 1169 2818 sivero

218 2857 435 2921 incombusta
466 2862 632 2933 maneret,
662 2855 765 2921 fidem
800 2875 902 2939 quarn
933 2855 1171 2939 praedicabant

220 2955 391 3021 Catholici
408 2974 525 3019 veram
539 2975 615 3020 esse
636 2956 835 3020 faterentur.
889 2954 1053 3040 Projecta
1074 2955 1170 3020 sche-

219 3055 300 3121 dula
318 3057 352 3119 in
375 3056 491 3138 ignem
514 3075 583 3119 non
607 3063 742 3120 tautum
765 3056 881 3133 semel,
905 3056 965 3121 sed
988 3057 1113 3121 iterum
1136 3062 1172 3119 et

219 3156 333 3232 tertio,
350 3157 453 3220 toties
470 3156 605 3220 resiluit
619 3156 723 3220 etiam
737 3155 963 3220 incombusta.
1015 3155 1096 3220 Hoc
1111 3175 1172 3238 per

217 3253 401 3338 quemdam
433 3255 493 3338 qui
518 3255 771 3338 aliquantulum
803 3254 991 3320 Catholicis
1025 3274 1170 3318 consen·

219 3356 339 3433 tiebat,
368 3363 404 3420 et
429 3361 511 3420 tunc
542 3361 807 3438 praesenserat,
838 3354 882 3419 ad
915 3353 1173 3419 Catholicorum

220 3456 377 3539 pervenit
392 3455 562 3519 notitiam.
616 3454 704 3519 Cum
727 3462 842 3519 autem
868 3474 909 3518 eo
932 3461 1086 3537 tempore
1112 3474 1173 3518 no.-

220 3555 307 3620 biles
325 3556 477 3639 quidam,
499 3562 655 3637 egestate
678 3555 859 3637 compulsi,
881 3555 971 3618 filias
997 3573 1079 3619 suas
1102 3560 1174 3618 tra·

220 3655 341 3720 derent
369 3655 540 3719 haereticis
572 3654 785 3731 nutriendae,
816 3655 940 3719 heatus
972 3653 1174 3718 Dominicus

221 3773 339 3819 earum
372 3755 601 3839 perniciosum
630 3755 812 3819 miseratus
841 3755 1075 3837 opprobrium,
1102 3773 1174 3818 mo·

223 3855 411 3919 nasterium
426 3874 489 3938 pro
507 3874 625 3918 earum
643 3855 839 3937 receptione
856 3855 1019 3932 instituit,
1041 3855 1077 3917 in
1099 3853 1175 3917 loco

260 4135 267 4165 ¹
284 4138 447 4199 ‘Raynerum
459 4133 471 4197 ;'
487 4137 548 4186 cod.
562 4136 626 4197 Reg.
748 4132 759 4165 ³
776 4134 885 4183 ‘nudam
896 4129 910 4194 ;'
923 4134 962 4183 M.
973 4137 998 4182 et
1008 4133 1055 4184 Ar.

257 4204 268 4236 ²
285 4207 376 4269 ‘Grey
388 4207 579 4256 Norwicensem
590 4201 611 4267 ;''
617 4205 655 4254 M.
664 4208 689 4252 et

220 4278 268 4330 Ar.
456 4317 461 4330 .
750 4272 760 4303 ⁴
776 4273 934 4323 ‘deliberans
946 4269 961 4334 ;'
972 4273 1020 4323 Ar.

1005 4389 1029 4435 N
