3204 5028
569 533 754 582 aurnuns.
1076 516 1139 582 121

181 691 285 756 citius
305 698 340 755 et
357 691 432 774 ipse
457 697 611 754 armatus
630 691 735 773 globo
757 690 885 756 civium
907 709 945 756 se
967 692 1141 774 ingerens,
1155 707 1301 799 mappas

182 793 278 874 ipsos
294 791 330 854 in
347 792 524 857 civitatem
540 791 655 874 coegit
669 791 835 857 velociter
850 792 991 873 fugere3
1014 793 1142 874 ipsam·
1156 762 1277 852 idion?

183 911 251 975 que
278 893 454 956 civitatem
486 891 634 969 obsedit,
661 900 697 956 et
723 911 785 975 per
809 899 1009 974 posternam
1032 910 1144 975 quan-

183 992 264 1056 dam
288 1011 366 1056 cum
388 993 460 1056 suis
482 991 659 1074 ingressus
682 992 831 1074 subegit.
884 992 1038 1057 Subacta
1059 1012 1143 1058 vero

184 1092 341 1168 civitate,
369 1092 523 1155 maxima
546 1092 672 1156 civium
699 1091 886 1157 multitudo
912 1093 1143 1169 occubuisset,

187 1191 254 1255 nisi
271 1198 387 1255 motus
402 1192 533 1275 pietate
550 1210 691 1274 parcere
707 1211 771 1257 rex
783 1191 960 1275 jussisset.

237 1291 430 1355 Mittuntur
451 1292 560 1373 igitur
576 1290 690 1356 nuntii
709 1291 754 1356 ad
771 1311 888 1373 regem
906 1291 1033 1355 Siciliae
1048 1291 1143 1356 Tan-
1158 1298 1298 1348 lutruueoot

186 1391 340 1469 credum,
362 1391 562 1474 requisituri
584 1410 688 1475 super
708 1391 887 1456 hominum
909 1410 1050 1456 suorum
1073 1398 1144 1455 tam
1158 1349 1272 1439 &iffi

188 1491 319 1555 enormi
346 1491 529 1556 commisso
551 1491 846 1570 satisfactionem
879 1490 1019 1574 etquid
1041 1509 1145 1574 super
1158 1449 1260 1498 mm*

188 1591 254 1668 his,
269 1609 348 1674 quae
364 1599 463 1672 gesta
480 1590 630 1666 fuerant,
648 1598 803 1655 censeret
819 1591 1003 1673 agendum.
1040 1590 1144 1654 Man-

188 1691 286 1755 davit
318 1697 488 1774 praetcrea
526 1710 590 1754 rex
626 1691 799 1756 Ricardus
839 1691 949 1755 eidem
983 1690 1070 1772 regi,
1105 1700 1145 1756 ut

188 1791 299 1856 sorori
335 1810 409 1854 suae
447 1791 588 1873 reginae,
624 1792 727 1856 uxori
766 1791 938 1875 quondam
977 1790 1144 1855 Willelmi

188 1892 281 1972 regis
299 1889 450 1975 Apuliae,
468 1911 545 1974 quae
565 1910 643 1955 cum
666 1890 747 1955 dote
770 1890 880 1955 eidem
903 1892 1081 1973 assignata
1108 1891 1145 1954 in

189 1991 348 2055 custodia
375 1990 466 2073 regis
496 1990 668 2055 Taucredi
697 1998 784 2069 erat,
815 2009 920 2074 super
947 1991 1029 2056 dote
1050 2010 1144 2055 com·

190 2091 323 2174 petenti
355 2091 564 2172 provideret,
596 2098 631 2155 et
660 2111 764 2172 super
795 2091 953 2173 portione
991 2091 1145 2154 thesauri

191 2191 309 2255 mariti
339 2191 405 2268 sui,
437 2209 516 2272 quac
548 2209 625 2254 eam
655 2190 733 2274 jure
765 2190 1004 2273 contingeret;
1042 2210 1146 2273 super

190 2309 311 2354 mensa
339 2309 476 2373 quoque
501 2309 608 2355 aurea
634 2309 736 2374 aequa
762 2297 856 2355 sorte
888 2291 920 2354 ei
945 2310 1024 2373 quae
1051 2289 1146 2353 illius

191 2410 283 2454 uxor
304 2390 488 2455 exstiterat
510 2389 704 2477 dividenda.
757 2391 868 2472 Super
889 2389 944 2454 his
966 2407 1029 2453 rex
1054 2390 1146 2455 Tau-

189 2491 314 2555 credus
332 2491 443 2573 primo
463 2491 600 2555 locutus
617 2488 670 2554 est
686 2491 723 2554 in
738 2490 863 2567 dubim,
883 2507 1040 2554 asserens
1055 2489 1146 2570 regi·

190 2592 257 2655 bus
280 2589 561 2655 satisfaciendum
584 2610 648 2672 pro
666 2597 820 2673 tempore
842 2597 878 2654 et
893 2590 971 2653 loco
992 2596 1028 2653 et
1045 2587 1147 2653 modo

192 2690 426 2766 convenienti,
458 2690 501 2754 de
532 2689 676 2754 consilio
706 2691 899 2774 principum
933 2696 1033 2753 terrae
1061 2707 1146 2754 suae.
1197 2733 1200 2748 .

192 2790 261 2854 Sed
284 2809 362 2854 cum
384 2789 612 2873 perpenderet
627 2809 744 2872 regem
768 2789 969 2867 Ricardum,
991 2789 1052 2872 qui
1071 2789 1146 2872 jam

192 2897 346 2954 castrum
373 2889 546 2972 quoddam
576 2896 776 2954 construere
796 2897 962 2973 coeperat,
991 2888 1082 2972 quod
1111 2890 1148 2952 in

192 2997 429 3072 contemptum
461 2988 712 3071 indigenarum,
749 2990 809 3072 qui
843 2989 949 3071 vulgo
985 2988 1148 3053 Grifones

191 3090 366 3166 dicuntur,
389 3082 641 3170 ¹Mategriffum
664 3089 865 3170 appellavit,
889 3108 911 3152 a
933 3089 1057 3171 coeptis
1079 3108 1149 3153 non

191 3195 477 3270 temperaturum,
504 3188 611 3252 donec
637 3207 700 3270 pro
729 3181 831 3253 ²voto
857 3195 1150 3271 consequerentur

191 3288 373 3367 effectum3
400 3287 513 3351 missis
539 3287 665 3370 legatis
689 3288 815 3352 obtulit
843 3307 964 3370 pacem
994 3295 1029 3352 et
1050 3289 1149 3371 petiit

193 3387 424 3464 concordiam,
442 3406 601 3451 asserens
619 3406 656 3451 se
680 3394 841 3469 paratum
863 3388 893 3450 si
917 3386 1022 3452 vellet
1043 3387 1149 3451 inter-

194 3489 355 3552 veniente
374 3487 521 3568 pecunia
543 3506 621 3550 cum
637 3506 678 3550 eo
693 3486 853 3550 amicitiae
867 3485 981 3550 foedus
996 3487 1094 3563 inire,
1115 3493 1151 3550 et

193 3608 257 3671 pro
280 3587 363 3651 dote
386 3585 514 3666 reginae
536 3586 663 3650 Siciliae
686 3587 816 3650 sororis
836 3605 908 3651 suae
928 3605 966 3648 se
989 3584 1150 3649 daturum

193 3687 320 3769 viginti
353 3686 463 3750 millia
496 3686 615 3750 uncias
644 3687 732 3764 auri,
762 3693 797 3750 et
826 3692 954 3768 praeter
981 3685 1046 3748 hoc
1081 3685 1151 3748 alia

193 3786 319 3869 viginti
348 3785 457 3849 millia
484 3785 520 3848 in
549 3785 770 3867 maritagium
797 3805 875 3849 cum
904 3785 1051 3867 quadam
1079 3784 1151 3847 filia

194 3885 409 3963 maritanda,
425 3885 455 3948 si
472 3885 589 3962 vellet,
613 3885 732 3968 nepoti
755 3904 818 3950 suo
836 3883 1004 3960 Arthuro,
1028 3884 1100 3948 filio
1116 3892 1152 3949 et

194 3987 312 4050 heredi
330 3984 480 4049 Galfridi
495 3985 669 4067 quondam
688 3985 784 4049 ducis
807 3984 1013 4048 Britanniae.
1067 3983 1150 4062 Qui·
1228 4028 1232 4036 -

194 4087 259 4151 bus
289 4105 368 4149 cum
398 4085 603 4150 assensisset
633 4105 695 4148 rex
725 4083 911 4161 Ricardus,
938 4084 1152 4148 invitatusa

195 4205 277 4268 rege
301 4185 496 4263 Tancredo,
520 4185 585 4249 sibi
609 4205 788 4249 occurrere
808 4185 1042 4267 promittente,
1069 4184 1153 4247 civi-

303 4342 311 4374 ¹
330 4343 513 4407 ‘Mategriffun
526 4339 539 4404 ;’
556 4341 625 4392 D’A.
713 4339 718 4410 Ι
768 4341 778 4370 ²
794 4338 898 4405 ‘viot0;'
912 4344 950 4402 M.
962 4347 986 4390 et
998 4342 1045 4393 Ar.
