3226 5020
433 479 500 544 322
801 497 875 546 mc.
892 498 1038 546 rnrvurr

275 669 417 761 ppesfppp
440 657 660 720 securitatem
683 647 791 720 faciat
815 651 1033 738 petitoribus,
1059 662 1093 719 et
1120 655 1334 734 custodibus
1358 667 1392 722 et

276 777 299 812 to
308 731 423 812 ffimp,
439 757 680 821 communitati
705 757 804 838 regni
829 755 956 820 Scotiae
975 755 1179 826 restituendi
1203 756 1293 820 idem
1315 777 1392 840 reg-

440 875 522 920 num
540 876 618 920 cnm
638 863 714 921 tota
732 856 929 936 regalitate,
952 855 1134 939 dignitate,
1159 856 1323 934 dominio,
1350 858 1390 921 li·

440 957 642 1031 bertatibus,
677 952 994 1032 consuetudinibus
1037 955 1197 1039 justitiis,
1245 957 1390 1039 legibuS,

441 1059 573 1134 usibuS,
604 1051 893 1140 possessionibus,
925 1063 960 1119 et
987 1057 1259 1139 quibuscumque
1285 1059 1390 1139 perti-

441 1156 579 1235 nentiis,
611 1158 648 1221 in
674 1157 793 1221 eodem
821 1163 916 1221 statu
946 1157 980 1219 in
1004 1175 1073 1238 qno
1099 1164 1198 1221 erant
1226 1164 1305 1221 ante
1328 1158 1391 1221 sei-

441 1257 553 1320 sinam
588 1257 654 1321 sibi
682 1257 857 1334 traditam,
892 1264 928 1321 et
958 1255 1118 1320 liberabit
1145 1256 1196 1320 illi
1228 1257 1284 1320 cui
1311 1257 1391 1341 jure

442 1358 587 1422 debetur
628 1348 832 1421 secundnm
850 1356 1019 1442 judicium
1053 1356 1257 1438 regalitatis
1293 1358 1391 1421 salvo

442 1458 515 1540 regi
533 1455 672 1540 Angliae
693 1457 855 1538 homagio
878 1456 971 1520 illius
990 1457 1049 1538 qui
1076 1477 1138 1521 rex
1162 1457 1227 1521 erit
1244 1476 1252 1534 3
1283 1464 1318 1520 et
1334 1457 1392 1521 de·

442 1559 500 1621 bet
522 1559 596 1622 haec
625 1558 799 1622 restitutio
825 1556 898 1620 fieri
923 1556 1012 1619 inira
1029 1556 1121 1621 ,duos
1141 1575 1276 1620 menses
1294 1576 1315 1620 a
1337 1557 1391 1620 die

443 1677 512 1740 quo
536 1655 641 1722 fuerit
663 1657 728 1721 hoc
756 1657 817 1741 jus
850 1657 1043 1720 discussum
1069 1663 1174 1738 atque
1202 1656 1390 1720 firmatum:

445 1751 577 1822 ¹exitus
607 1757 781 1839 praedictae
814 1764 916 1821 terrae
943 1756 1055 1821 medio
1081 1763 1237 1839 tempore
1269 1757 1390 1838 recipi·

444 1865 561 1934 antur,
581 1864 616 1921 et
639 1858 675 1921 in
695 1858 794 1921 salvo
816 1837 974 1938 deposit'o
1000 1863 1221 1939 reponantur,
1249 1865 1284 1920 et
1306 1859 1392 1921 bene

443 1958 686 2022 custodiantur
712 1977 774 2040 per
799 1976 938 2020 manum
971 1957 1150 2020 camerarii
1179 1956 1305 2021 Scotiae
1332 1959 1392 2039 qni

444 2077 535 2121 nunc
559 2064 624 2134 est,
642 2064 677 2121 et
702 2057 796 2120 illius
824 2076 924 2138 quem
949 2057 1141 2137 assignabit
1163 2057 1206 2120 ad
1237 2057 1302 2121 hoc
1328 2077 1389 2120 rex

444 2155 595 2240 Angliae,
612 2165 648 2220 et
669 2157 734 2221 hoc
757 2158 821 2220 sub
839 2157 961 2238 sigillis
979 2176 1109 2233 eorum,
1126 2157 1226 2220 salva
1240 2158 1393 2220 rationa-

444 2258 505 2321 bili
529 2258 782 2322 sustentatione
802 2263 916 2334 terrae,
937 2264 972 2319 et
1000 2264 1191 2320 castrorum
1220 2258 1392 2320 ministro-

443 2378 588 2440 rumque
618 2357 726 2438 rcgni.
779 2356 823 2419 In
849 2357 1080 2420 testimonium
1111 2349 1280 2420 ²omnidm
1302 2377 1391 2438 prae·

444 2459 613 2522 dictorum
637 2457 860 2540 apposuimus
880 2457 922 2520 ad
941 2456 1004 2520 has
1025 2456 1160 2520 litteras
1183 2455 1299 2538 sigilla
1315 2477 1393 2521 nos·

443 2566 509 2622 tra.
563 2558 694 2621 Datum
712 2557 801 2640 apud
821 2556 856 2620 N
859 2556 1010 2631 oreham,
1030 2556 1084 2618 die
1103 2555 1268 2619 Mercurii
1285 2577 1390 2638 prox-

443 2659 513 2722 ima
531 2665 610 2740 post
627 2656 875 2722 Ascensionem
893 2657 1044 2733 Domini,
1069 2675 1160 2720 anno
1177 2657 1300 2737 gratiae
1317 2657 1391 2720 mil-

443 2759 563 2822 lesimo
578 2758 812 2821 ducentesimo
832 2757 1055 2838 nonagesimo
1070 2755 1203 2837 primo!

495 2858 575 2922 Has
591 2857 678 2920 duas
692 2857 826 2920 litteras
843 2857 937 2920 misit
952 2876 1014 2919 rex
1031 2853 1172 2937 Angliae
1188 2857 1252 2919 sub
1276 2855 1391 2938 sigillo

444 2977 508 3021 suo
535 2957 671 3039 privato
704 2956 747 3020 ad
778 2956 917 3022 diversa
947 2957 1167 3033 monasteria,
1208 2957 1306 3038 regni
1340 2957 1393 3019 sui

445 3076 536 3121 anno
555 3057 687 3120 decimo
715 3076 819 3133 nono,
848 3063 888 3120 ut
912 3055 955 3119 ad
980 3064 1183 3139 perpetuam
1211 3057 1260 3118 rei
1284 3063 1392 3137 gestae

446 3157 645 3220 memoriam
672 3157 707 3220 in
738 3156 907 3220 chronicis
936 3162 1154 3237 ponerentur.
1219 3155 1273 3218 De
1302 3175 1392 3218 com-

444 3258 539 3320 muni
556 3257 663 3339 igitur
683 3275 825 3320 assensu
849 3255 1018 3340 majorum
1040 3256 1139 3336 regni
1165 3254 1304 3331 Scotiae,
1330 3275 1392 3318 rex

445 3365 570 3421 terram
588 3357 699 3440 ipsam
723 3357 757 3419 in
781 3376 880 3419 suam
901 3356 1036 3438 accepit
1046 3354 1250 3431 custodiam,
1267 3374 1395 3437 quous-

444 3477 512 3539 que
541 3457 657 3521 debita
684 3456 898 3520 discussione
924 3455 1043 3520 habita
1066 3456 1108 3519 de
1133 3453 1288 3536 legitimo
1312 3475 1393 3518 con·

444 3563 552 3621 staret
569 3556 702 3620 herede.
863 3619 873 3644 ⁸

283 3669 427 3759 mytho
495 3655 625 3720 Eodem
642 3675 746 3733 anno,
765 3657 857 3719 circa
874 3655 1000 3719 festum
1022 3655 1115 3718 beati
1131 3653 1156 3717 J
1159 3655 1281 3718 oannis
1299 3655 1392 3737 Bap-

282 3748 380 3860 ouetep?
446 3756 551 3833 tistae,
581 3755 747 3820 Alienora
781 3763 891 3820 mater
929 3755 1021 3836 regis
1054 3753 1309 3818 Ambresburiae
1341 3763 1394 3819 est

283 3829 320 3859 Μ
347 3831 375 3860 ‘¹'
445 3856 622 3930 defuncta3
646 3854 893 3938 propterquod
910 3874 971 3918 rex
988 3855 1031 3919 de
1046 3854 1164 3919 Scotia
1178 3853 1214 3917 in
1231 3853 1392 3936 Angliam

445 3957 559 4032 rediit,
589 3963 629 4019 ut
659 3955 762 4019 sunus
797 3962 988 4020 maternum
1022 3955 1209 4037 sepulturae
1245 3956 1395 4019 traderet

444 4055 559 4119 debito
576 4074 654 4118 curn
676 4054 815 4117 honore.
867 4053 1048 4137 Sepultum
1064 4055 1181 4136 itaque
1197 4062 1251 4118 est
1269 4074 1394 4138 corpus

479 4253 484 4284 ¹
504 4255 537 4306 ‘i.
547 4270 570 4304 e.
583 4255 680 4304 reditus
688 4253 704 4316 ς’
713 4250 746 4302 ΙΥ
750 4253 876 4304 richerius.
909 4251 913 4322 Ι
965 4253 975 4282 ²
989 4256 1110 4305 ‘istorum
1120 4257 1229 4304 omnium
1240 4253 1255 4318 ;’
1266 4258 1304 4305 Μ.
1314 4262 1338 4305 et
1347 4257 1394 4306 Ar.
