3226 5020
422 493 489 557 246
791 509 863 556 rue.
880 508 1027 557 rurvnrr

426 687 526 750 quem
554 665 631 730 ‘De
658 665 782 730 Mundi
812 665 992 731 Periculis'
1016 657 1220 740 intitulavit,
1246 665 1281 727 in
1309 682 1378 746 quo

426 773 548 832 contra
563 766 701 831 ordines
718 785 907 849 pauperum
923 766 1160 850 multipliciter
1177 758 1378 838 ¹invebitur,

426 869 615 950 reprobans
643 867 679 932 in
712 867 857 932 ecclesia
882 866 1072 930 cathedrali
1099 865 1253 930 comburi
1284 863 1377 938 fecit,

425 965 729 1044 excommunicans
747 986 866 1032 omnes
883 966 942 1049 qui
959 966 1110 1031 retinent
1125 964 1249 1029 librum
1266 963 1376 1027 illum.

429 1067 572 1132 Ceteros
593 1067 697 1132 etiam
718 1068 915 1149 magistros,
937 1086 999 1149 per
1019 1066 1149 1130 dietum
1166 1063 1379 1129 Willelmnm

428 1169 631 1244 concitatos,
653 1168 767 1250 coegit
788 1167 912 1232 fratres
940 1166 985 1230 ad
1006 1185 1127 1249 pacem
1155 1165 1317 1247 recipere,
1343 1169 1379 1228 et

428 1268 613 1332 secundum
645 1267 756 1348 legem
784 1267 940 1331 caritatis
968 1273 1128 1330 tractare.
1180 1264 1259 1328 Pax
1289 1263 1380 1326 inter

428 1369 639 1433 comitissam
664 1366 837 1433 Flandriae
854 1359 908 1430 ²et
930 1365 1019 1430 filios
1047 1383 1143 1442 suos,
1169 1384 1230 1447 per
1248 1363 1378 1427 media·

427 1469 555 1532 tionem
569 1467 662 1549 regis
678 1467 903 1542 Francorum,
918 1467 983 1530 sub
998 1465 1062 1530 hac
1078 1465 1188 1529 forma
1205 1464 1375 1528 firmatur:

427 1567 588 1633 videlicet
614 1567 706 1650 quod
729 1567 937 1643 Florentiae,
958 1585 1073 1632 comes
1097 1563 1295 1640 Holandiae,
1318 1562 1378 1646 qui

429 1667 517 1732 fovit
535 1673 668 1752 partem
690 1666 839 1731 liliorum
861 1666 985 1748 prioris
1006 1665 1131 1740 mariti,
1159 1673 1194 1730 et
1214 1682 1325 1746 nuper
1343 1661 1379 1724 in

428 1766 519 1832 bello
536 1767 625 1832 filios
645 1766 844 1848 posterioris
862 1767 977 1830 mariti
992 1772 1142 1848 ceperat,
1159 1773 1286 1829 etcum
1302 1761 1379 1826 aliis

431 1867 699 1932 Flandrensibus
728 1867 764 1930 in
793 1885 929 1931 carcere
955 1866 1144 1944 detinebat,
1173 1866 1209 1931 in
1234 1881 1377 1928 uxorem

425 1966 571 2033 duceret
585 1966 692 2030 tiliam
709 1965 906 2043 comitissae,
926 1959 977 2030 ³et
992 1967 1176 2031 comitatus
1203 1963 1379 2029 Hananiae

429 2085 506 2132 cum
528 2068 612 2131 urbe
629 2065 882 2141 Valentinensi,
906 2066 1050 2130 cedente
1068 2065 1195 2130 Carolo
1216 2064 1260 2130 ad
1278 2082 1379 2145 roga,-

429 2174 502 2230 tum
526 2167 619 2248 regis
643 2165 868 2244 Francorum,
895 2173 933 2232 ut
950 2165 1196 2232 concederetur
1217 2163 1296 2230 filiis
1319 2183 1379 2245 ge-

428 2267 510 2333 nitis
526 2266 569 2331 de
585 2267 725 2331 domino
742 2267 785 2330 de
799 2265 952 2342 Avenis3
977 2266 1162 2330 comitatus
1177 2283 1258 2329 vero
1273 2263 1378 2328 Flan-

427 2366 524 2442 driae,
538 2386 616 2431 cum
630 2367 731 2432 terris
744 2367 834 2444 aliis,
845 2366 924 2430 filiis
938 2365 1104 2431 Willelmi
1120 2365 1164 2429 de
1176 2365 1377 2447 Dampetra.

427 2465 500 2530 Sub
530 2467 584 2530 his
610 2467 827 2550 pactionibus
856 2466 1018 2532 liberavit
1049 2484 1163 2531 comes
1192 2463 1379 2528 Holandiee

429 2565 624 2632 Gnidonem
643 2567 814 2631 etsratres
830 2567 918 2650 ejus,
930 2566 1019 2631 filios
1036 2565 1221 2629 comitissae
1237 2565 1281 2628 de
1299 2583 1378 2648 pos·

428 2667 546 2732 teriori
561 2667 698 2743 marito,
714 2686 791 2732 curn
810 2666 1082 2731 Flandrensibus
1097 2657 1204 2730 ⁴aliis

460 2884 485 2921 b.
498 2885 524 2920 Na
535 2885 554 2920 J.
565 2885 589 2920 0.
689 2886 711 2922 P.
725 2885 887 2924 ROMANORUM
900 2887 925 2924 R.
1016 2879 1168 2922 FRANGOBUM
1210 2881 1349 2917 analabum

618 2941 995 2951 ———-——

470 2970 583 3006 uccnvu.
635 2970 825 3008 anrxaunurrv.
869 2970 971 3007 arctam
1016 2959 1132 3008 nonovrcr
1142 2970 1178 3006 rx.
1191 2951 1193 2957 ’
1206 2969 1309 3005 usuarcr
1320 2968 1360 3004 111.

716 3031 740 3076 a.
911 3033 937 3078 a.
1110 3062 1117 3077 .
1266 3029 1307 3075 41.

268 3186 371 3254 arenae,
481 3165 677 3230 R1cAnnus
698 3166 804 3230 frater
821 3167 913 3249 regis
931 3167 1069 3251 Angliee
1087 3166 1122 3232 in
1138 3167 1379 3232 Alemanniam

266 3237 381 3376 iffi:
429 3265 611 3343 transiens,
630 3263 844 3348 Aquisgrani
867 3268 903 3331 in
925 3288 1041 3350 regem
1065 3267 1301 3333 Romanorum
1325 3287 1381 3332 so·

266 3387 334 3426 orae
379 3346 408 3387 ¹¹⁸
429 3366 586 3430 lemniter
600 3374 797 3430 coronatur.
845 3366 1004 3446 Carolus,
1021 3388 1135 3433 comes
1153 3367 1377 3450 Andegaviae‚

267 3437 369 3477 mmm
428 3466 631 3532 comitatum
675 3465 870 3532 Prouinciae
913 3469 1098 3552 accipiens,
1140 3468 1379 3533 Marsilienses

428 3560 652 3630 ⁵rebellantes
679 3567 715 3630 in
743 3585 848 3630 manu
875 3566 957 3633 forti
979 3568 1153 3651 repressit.
1206 3570 1286 3633 Rex
1307 3567 1381 3632 An·

428 3665 509 3746 gliae
533 3664 604 3730 filio
631 3685 696 3730 suo
718 3665 890 3733 Eduardo
911 3668 1136 3746 vasconiam,
1163 3668 1379 3744 Hiberniam,

429 3765 616 3848 villamque
632 3766 789 3831 Bristolli
807 3767 912 3832 dedit.

463 3976 471 4006 ¹
487 3975 621 4040 ‘invenit3'
633 3979 681 4032 Ar.
952 3981 962 4012 ³
980 3984 1055 4034 From
1067 3985 1074 4010 ¹
1084 3988 1109 4033 et
1117 3978 1259 4034 comitatue'
1271 3988 1297 4032 to
1307 3985 1379 4034 ‘veru

917 4050 1062 4117 Flandriae,'
1073 4069 1116 4104 are
1127 4055 1231 4104 omitted
1242 4055 1268 4103 in
1279 4053 1326 4103 Ar.

462 4115 472 4144 ²
488 4118 566 4167 What
581 4119 677 4181 follow,
693 4135 721 4169 as
738 4119 777 4170 far
788 4137 817 4172 as
828 4123 888 4186 ‘qui
951 4122 961 4154 ⁴
977 4125 1051 4174 ‘aliis
1062 4125 1217 4185 concaptivis
1224 4125 1243 4186 ;'
1256 4123 1303 4174 Ar.

426 4189 507 4250 iovit,'
519 4204 562 4238 are
574 4190 677 4238 omitted
690 4191 717 4238 in
729 4192 765 4241 M.
950 4191 960 4223 ⁶
977 4194 1091 4245 Omitted
1101 4196 1127 4244 in
1139 4196 1177 4245 M.
1190 4195 1240 4244 and
1252 4195 1298 4244 Ar.
