3204 5028
564 521 744 570 surtinus.
1066 509 1129 574 111

173 672 338 743 fuerunt.¹
394 678 459 743 Cui
482 697 558 742 cum
584 679 819 761 respondisset
842 699 904 744 rex
921 679 1129 763 Auglorum,

173 778 298 842 melius
316 799 392 844 esse
407 780 498 843 inter
518 798 556 842 se
574 779 707 844 firmam
731 798 851 860 pacem
876 781 962 844 inire
986 783 1130 847 consilio

173 885 248 942 tarn
266 880 350 943 oleri
364 898 469 962 quam
484 881 663 955 baronum,
685 897 789 960 quam
809 879 905 944 litem
930 882 1131 963 protrahere

174 978 265 1042 forte
298 979 524 1058 damnosam
558 979 767 1044 contradixit
801 980 892 1044 filins
923 1000 1037 1046 comes
1068 981 1131 1046 Ri-

175 1077 314 1157 cardns,
337 1079 460 1144 timens
483 1079 566 1162 quia
591 1078 657 1142 hac
680 1086 819 1143 servata
844 1080 1039 1146 conditione
1062 1081 1130 1146 Ca·

177 1185 314 1241 turcum
350 1178 506 1244 redderet
540 1185 577 1242 et
607 1186 719 1243 totum
752 1179 965 1257 comitatum,
999 1189 1034 1245 et
1062 1182 1132 1246 alia

176 1279 279 1361 plura
293 1279 334 1342 de
348 1278 498 1342 dominio
515 1297 578 1341 suo
596 1298 659 1360 pro
683 1278 784 1342 feodo
804 1279 846 1342 de
867 1287 982 1344 castro
1000 1280 1131 1346 Radul-

178 1378 251 1461 phi,
265 1387 300 1443 et
318 1385 468 1442 castrum
487 1378 644 1463 Isolduni
660 1385 695 1443 et
708 1371 861 1455 ²Crasai,
880 1400 958 1462 quae
974 1399 1038 1442 sua
1061 1401 1129 1445 non

178 1484 279 1542 erant
312 1472 512 1555 ³dominica,
544 1479 625 1543 licet
662 1477 704 1542 de
741 1497 783 1542 eo
819 1486 935 1543 essent
971 1480 1130 1545 tenenda.

179 1578 314 1642 Petivit
344 1578 461 1656 etiam,
487 1598 549 1659 per
576 1577 817 1644 mediationem
843 1580 935 1660 regis
961 1580 1131 1658 Franciae,

178 1697 333 1742 sororem
354 1678 508 1761 ejusdem
532 1677 566 1740 in
585 1698 741 1755 uxorem,
764 1686 799 1742 et
820 1686 860 1742 ut
883 1686 1010 1743 terram
1033 1699 1131 1744 suam

177 1777 256 1854 sibi,
289 1777 399 1842 veluti
430 1777 558 1856 heredi,
595 1778 724 1843 faceret
754 1777 953 1861 juramento
989 1779 1131 1844 firmari.

179 1876 364 1942 Renuente
381 1885 495 1943 antem
514 1884 613 1960 patre
629 1878 694 1942 hoc
717 1886 881 1960 protunc
901 1879 1026 1956 facere,
1049 1881 1132 1962 quia

178 1978 314 2041 coactio
345 1977 539 2055 videbatur,
572 1998 686 2042 comes
715 1977 887 2042 Ricardus
916 1980 989 2060 regi
1021 1980 1131 2043 Fran·

178 2096 297 2141 corum
322 2077 519 2160 homagium
542 2077 623 2142 fecit
640 2078 682 2142 de
702 2084 777 2142 toto
801 2085 997 2142 tenemento
1022 2081 1132 2162 patris

178 2178 215 2240 in
244 2197 352 2259 regno
386 2171 490 2256 ⁴su03
524 2177 622 2242 salvo
649 2178 730 2261 jure
755 2178 864 2260 patris
891 2178 945 2241 sui
970 2178 1052 2242 dnm
1080 2181 1132 2244 vi·

180 2284 290 2354 reret,
310 2285 345 2341 et
363 2278 463 2342 salva
476 2278 542 2341 fide
557 2297 659 2359 quam
684 2279 775 2360 patri
803 2277 960 2342 debebat.
1006 2278 1132 2361 Sioque

178 2377 314 2441 finitum
336 2385 390 2441 est
406 2377 630 2459 colloquium,
649 2378 844 2460 prorogatis
867 2379 998 2460 treugis
1021 2397 1131 2460 usque

178 2477 221 2541 ad
241 2477 367 2541 festum
384 2477 418 2540 S.
436 2477 575 2541 Hilarii.

229 2577 362 2641 Eodem
384 2596 476 2642 anno
505 2576 691 2642 Heraclius
720 2576 919 2660 patriaroha
946 2587 982 2640 et
1001 2577 1292 2642 Bassi-menne

178 2696 267 2740 anns
285 2676 551 2759 Neapolitanus
574 2683 609 2742 et
625 2677 840 2759 Reginaldus
854 2675 1012 2740 dominus
1030 2677 1130 2742 Sido·
1143 2646 1278 2735 {illiti

179 2778 327 2854 riorum,
346 2776 509 2841 Saladino
529 2772 765 2853 ⁵Asoalonam,
786 2784 820 2841 et
836 2777 1019 2840 castellum*
1038 2778 1130 2860 quod
1142 2746 1255 2846 illlis..

179 2877 308 2941 dicitur
336 2870 485 2954 ⁶Baron,
511 2886 546 2940 et
575 2876 718 2953 Gazam,
748 2884 784 2940 et
808 2868 1064 2954 'Galatetidem
1097 2884 1132 2943 et

179 2970 549 3054 ⁸Blancam-Gardam,
568 2985 601 3041 et
616 2978 754 3042 Turrim
769 2975 933 3052 Militum,
951 2985 988 3041 et
1001 2977 1132 3042 Castel-

177 3076 250 3140 lum
265 3076 423 3154 Arnaldi,
446 3085 480 3141 et
499 3076 810 3153 Petram-Platam,
827 3083 862 3140 et
876 3077 1075 3159 Neapolim,
1097 3085 1133 3141 et

180 3176 397 3260 Gybilinum,
420 3184 454 3241 et
478 3177 617 3259 Joppen
646 3196 709 3259 pro
737 3177 940 3240 liberatione
961 3176 1132 3242 Guidonis

179 3277 272 3358 regis
290 3276 496 3353 Jerusalem,
510 3286 546 3341 et
561 3277 719 3357 magistri
739 3276 871 3341 militiae
889 3277 1038 3359 Templi,
1054 3277 1132 3340 red-

178 3376 260 3440 dere
273 3385 532 3440 consenserunt.
570 3377 742 3440 Convenit
759 3377 868 3440 etiam.
881 3383 920 3439 ut
934 3370 1132 3459 ⁹unnsquis-

180 3495 249 3558 que
276 3477 337 3557 qui
365 3476 396 3539 ei
418 3476 552 3541 solvere
581 3484 699 3559 posset
725 3477 876 3559 quinque
896 3477 1067 3551 binantio,
1099 3483 1135 3539 et

179 3575 307 3640 femina
329 3595 407 3658 quae
430 3583 548 3658 posset
569 3577 702 3640 solvere
725 3575 793 3640 duo
817 3577 968 3640 bizantia
986 3587 1021 3641 et
1038 3577 1133 3640 dimi-

179 3675 287 3752 dium,
312 3683 348 3739 et
366 3695 451 3756 puer
467 3677 527 3758 qui
541 3683 659 3758 posset
672 3676 806 3740 solvere
822 3695 926 3739 unum
943 3677 1132 3741 bizantium

180 3783 214 3839 et
232 3774 423 3852 dimidium,
438 3783 640 3839 eruerentur
657 3794 678 3840 a
695 3777 853 3839 manibus
870 3776 1133 3852 Saracenorum,

214 3968 223 4000 ¹
241 3966 381 4030 ‘fuerant;’
392 3965 461 4019 D'A.
473 3975 498 4019 et
508 3970 556 4020 Ar.
702 3967 714 3998 ⁰
729 3971 738 3998 ‘
748 3971 834 4018 Veron
843 3965 858 4028 ς’
869 3965 940 4019 D'A.

213 4038 224 4070 ²
240 4040 348 4088 ‘Crazai
359 4041 376 4101 ;'
393 4040 432 4090 Μ.
448 4045 473 4089 ct
485 4039 548 4090 Aa:
566 4041 574 4068 ‘
583 4040 643 4090 Cra·
703 4036 713 4073 ⁷
729 4039 909 4089 ‘Galtedidem
918 4039 935 4099 ;'
954 4035 986 4086 1?
988 4037 1038 4088 Aa
1063 4038 1135 4088 ‘Ga-

179 4111 232 4160 sari
241 4105 256 4169 ;’
269 4105 338 4159 D'A.
668 4109 802 4160 latocidern
815 4105 829 4168 ;’
848 4110 887 4159 M.
899 4112 924 4156 et
934 4109 981 4158 Ar.

216 4177 227 4208 ³
243 4175 394 4239 ‘dominia;’
413 4181 451 4228 M.
464 4183 488 4227 et
499 4177 546 4228 Ar.
705 4177 714 4207 ⁸
730 4178 897 4228 ‘Blanchiam
907 4174 922 4238 ;'
935 4179 973 4228 M.
981 4182 1005 4226 et
1016 4177 1063 4228 Ar.

213 4249 224 4280 ⁴
241 4245 316 4298 ‘suo’
329 4251 351 4298 is
360 4249 462 4298 omitted
472 4250 498 4297 in
510 4251 570 4299 Cod.
579 4250 643 4312 ch.
705 4247 715 4280 ⁹
732 4250 928 4310 ‘unusquisque
948 4249 1036 4310 hom03
1055 4249 1094 4297 M.
1109 4252 1134 4295 ct

214 4317 225 4350 ⁵
241 4320 410 4369 ‘Ascalonem
419 4321 435 4380 ;’
447 4315 515 4369 D’A.
671 4318 719 4370 Ar.
