3180 5026
593 479 771 532 aurnuns.
1109 466 1154 530 39

201 631 322 702 etiam¹
355 639 519 704 nobilitas
555 639 783 720 recognoscit,
818 659 888 704 non
924 646 978 703 est
1011 638 1152 704 dubium
1166 659 1296 709 aaaron

200 740 386 820 pertinere.
439 738 541 802 Unde
562 746 696 803 tantam
718 739 754 804 in
771 737 820 802 eis
836 739 999 804 libentius
1016 739 1151 822 planta-
1164 721 1218 800 lil‘
1226 709 1306 750 ΔΜ

200 838 343 914 tionem,
371 839 471 902 fidem
501 857 584 904 vero
613 845 649 903 et
667 857 808 919 germen
829 838 909 902 Deo
935 845 1073 920 gratum
1099 839 1152 904 in-

202 937 362 1014 serimus,
380 943 511 1018 quanto
525 931 566 1001 ²a
581 937 681 1001 nobis
703 937 739 1001 in
762 945 881 1002 nostro
902 939 1063 1005 examine
1084 939 1153 1005 dis-

202 1036 339 1100 trictius
356 1036 584 1119 prospicimus
599 1035 819 1117 exigendum.
872 1035 1083 1118 significasti
1105 1039 1152 1101 si-

202 1135 342 1216 quidem
359 1137 470 1213 nobie,
488 1135 536 1199 fili
553 1136 590 1199 in
607 1134 746 1224 Christo
764 1136 953 1213 carissime,
968 1146 1003 1200 te
1026 1135 1153 1209 Hiber-

203 1236 271 1299 niae
292 1234 454 1311 insulam,
476 1234 520 1298 ad
538 1234 754 1298 subdendum
771 1234 868 1298 illurn
885 1237 1052 1318 populum
1066 1236 1152 1316 legi·

202 1335 280 1410 bus,
298 1340 334 1397 et
351 1334 513 1398 vitiorum
530 1333 703 1416 plantaria
718 1333 797 1401 inde
812 1333 1048 1418 exstirpanda,
1066 1333 1154 1398 velle

203 1434 345 1510 intrare,
368 1441 405 1497 et
428 1432 471 1496 de
492 1434 638 1515 singulis
666 1433 823 1497 domibus
849 1435 1027 1503 annuatim
1053 1434 1154 1498 unius

204 1532 337 1596 denarii
364 1532 467 1596 beato
496 1532 603 1598 Petro
619 1532 708 1598 velle
731 1533 866 1596 solvere
890 1533 1102 1615 pensionem,
1119 1540 1155 1597 et

201 1632 283 1715 jura
307 1631 529 1695 ecclesiarum
548 1633 642 1696 illius
672 1639 772 1700 terrae
797 1631 934 1696 illibata
963 1640 999 1696 et
1019 1633 1156 1714 integra

203 1750 420 1795 conservare.

254 1830 352 1894 ‘Nos
368 1830 499 1912 itaque,
514 1829 609 1910 pium
632 1835 667 1892 et
685 1828 858 1894 laudabile
880 1829 1085 1894 desiderium
1103 1829 1155 1892 sa·

206 1949 289 1994 vore
328 1948 485 2011 congruo
521 1936 780 2010 prosequentes
818 1936 853 1992 et
891 1929 1049 2011 petitioni
1084 1938 1155 1994 tuae

205 2029 353 2110 benigne
381 2026 617 2111 impendentes
648 2046 839 2102 assensum,
872 2039 1010 2108 gratum
1040 2035 1075 2091 et
1101 2046 1155 2091 ac-

206 2135 345 2210 ceptum
368 2126 545 2202 habemus,
564 2133 604 2189 ut
626 2146 688 2207 pro
713 2125 897 2190 dilatandis
919 2126 1073 2191 ecclesiae
1090 2133 1156 2189 ter·

206 2227 321 2304 minis,
344 2247 407 2309 pro
422 2226 583 2290 vitiorum
599 2224 840 2306 restringenda
861 2233 972 2307 parte,
996 2233 1032 2289 et
1050 2225 1156 2289 corri-

206 2325 329 2408 gendis
357 2326 522 2401 moribus,
545 2331 582 2388 et
604 2325 787 2389 virtutibus
813 2325 1013 2400 inserendis
1040 2332 1076 2386 et
1093 2343 1156 2404 pro

206 2425 416 2489 Christianae
448 2424 623 2505 religionis
653 2431 840 2504 augmento
876 2423 1024 2486 insulam
1060 2421 1155 2484 illam

207 2517 429 2606 ingrediens,³
452 2531 487 2587 et
508 2542 586 2605 quae
609 2523 653 2586 ad
675 2523 837 2587 honorem
858 2521 930 2584 Dm
953 2528 989 2585 et
1009 2520 1156 2583 salutem

207 2618 316 2688 ⁴illius
334 2624 566 2706 spectaverint
583 2622 799 2704 exsequaris
815 2629 850 2686 et
866 2621 960 2684 illius
975 2628 1076 2683 terrae
1094 2639 1157 2701 po·

208 2724 311 2805 pulus
339 2723 529 2788 honorilice
554 2729 588 2785 te
612 2721 790 2803 suscipiat,
815 2727 850 2784 et
872 2720 962 2783 sicut
984 2719 1158 2783 dominum

209 2831 404 2899 veneretur,
421 2823 502 2906 jure
527 2821 688 2886 nimirum
712 2819 933 2883 ecclesiarum
960 2818 1095 2882 illibato
1123 2828 1158 2883 et

208 2923 344 3003 integro
373 2926 605 3004 permanente,
629 2918 780 2984 etsalva
800 2920 903 2982 beato
931 2916 1036 2982 Petro
1060 2917 1157 2998 Apo-

209 3021 301 3085 stolo
319 3027 354 3084 et
365 3026 596 3084 sacrosanctae
613 3018 778 3082 Ecclesiae
797 3018 966 3081 Romanae
982 3016 1025 3080 de
1042 3016 1157 3097 singu·

209 3120 253 3184 lis
289 3119 446 3183 domibus
476 3117 653 3182 annuatim
686 3116 789 3180 unius
819 3115 951 3180 denarii
986 3116 1159 3197 pensione.

210 3218 248 3282 Si
276 3239 359 3300 ergo
382 3218 476 3299 quod
503 3218 618 3280 animo
647 3215 848 3298 concepisti,
872 3214 997 3278 affectu
1019 3214 1159 3277 duxeris

208 3311 454 3401 prosequendi⁵
486 3315 737 3397 complendum,
770 3313 870 3380 stude
900 3320 1037 3395 gentem
1064 3311 1160 3375 illam

209 3418 308 3484 bonis
329 3417 482 3481 moribus
504 3415 702 3492 informare,
726 3421 760 3479 et
785 3414 917 3495 cogites
937 3419 1007 3474 tarn
1030 3429 1092 3492 per
1113 3419 1159 3488 te,

210 3536 315 3599 quam
341 3537 403 3600 per
424 3516 515 3592 illos,
537 3532 626 3597 quos
648 3514 780 3578 adhoc
803 3512 881 3588 fide,
896 3510 1001 3574 verbo
1018 3508 1160 3572 idoneos

210 3624 247 3680 et
264 3618 350 3692 vita,
372 3635 448 3679 esse
470 3614 702 3696 prospexeris
726 3619 765 3676 ut
782 3611 963 3676 decoretur
983 3608 1032 3672 ibi
1054 3607 1159 3671 eccle·

210 3717 276 3790 sia,
298 3715 475 3796 plantetur
497 3720 532 3777 ct
549 3719 682 3777 crescat
698 3711 777 3776 fidei
800 3708 1006 3774 Christianae
1027 3705 1160 3787 religio,

210 3821 349 3896 atquae
376 3814 419 3877 ad
450 3813 613 3876 honorem
642 3812 714 3876 Du1
747 3817 783 3873 ct
812 3805 957 3873 salutem
988 3806 1162 3889 pertinent

207 4093 209 4100 ν
247 4062 255 4092 ¹
275 4063 389 4114 Omitted
399 4057 516 4122 ‘etiams
529 4058 598 4111 ΠΛ.

246 4132 257 4164 ²
274 4136 282 4162 ‘
293 4135 320 4182 id
331 4149 347 4182 a
357 4134 430 4182 nobis
438 4129 453 4192 ;'
467 4133 513 4181 Ar.

248 4198 466 4265 ³‘ingredioris;'
488 4203 550 4252 Holl
569 4207 593 4252 et
614 4201 676 4252 Aa:
738 4237 772 4267 Μ

213 4275 219 4300 ‘
231 4273 377 4336 ingrediens
388 4287 420 4320 ea
428 4268 442 4332 ;’
454 4268 523 4327 D’A.

696 4120 700 4132 ·
738 4096 748 4126 ⁴
766 4098 856 4148 ‘terrae
866 4093 960 4158 illius;’
971 4098 1019 4147 Ar.

783 4241 948 4301 prosequente
957 4232 970 4296 ;’
983 4232 1051 4285 D'A.
