3170 5020
612 498 794 548 Anninus.
1111 483 1178 548 379

222 659 432 724 Novembris
481 657 709 740 personaliter
757 653 1006 739 comparerent.
1095 657 1176 722 Rex

223 759 379 823 Franciae
408 758 547 840 publico
576 756 751 840 prohibuit
781 755 906 834 edicto,
937 776 980 820 na
1007 755 1085 839 quis
1112 775 1193 829 au·¹

222 879 298 922 rum
316 857 372 922 vel
397 851 590 939 argentum,
616 876 677 920 seu
704 875 835 920 merces
861 875 1095 939 quascunque,
1118 875 1177 920 ex-

222 965 377 1041 portaret
408 957 452 1021 de
486 976 594 1040 regno
626 975 702 1033 suo,
732 957 797 1019 sub
830 955 1065 1022 forisfactione
1102 976 1176 1020 om-

223 1059 318 1121 nium
334 1059 514 1135 bonorum,
532 1055 670 1140 adjecta
689 1055 912 1120 nihilominus
933 1074 1040 1138 poena
1065 1057 1176 1138 gravi.

175 1210 177 1214 .
225 1156 323 1222 Fecit
356 1158 460 1222 etiam
495 1175 613 1220 omnes
647 1149 762 1237 ¹regni
794 1156 911 1220 exitus
945 1164 982 1221 et
1013 1155 1176 1219 introitus

224 1258 351 1340 ubique
376 1255 638 1338 diligentissima
667 1255 843 1319 custodiri.
908 1255 1008 1338 Papa
1037 1254 1177 1319 Bonifa-

224 1358 299 1421 cius
329 1356 538 1438 legitimavit
571 1355 661 1419 filios
700 1355 832 1418 Sanctii
870 1355 963 1436 regis
997 1353 1174 1432 castellae,

225 1456 325 1540 cujus
355 1457 604 1539 primogenitus
634 1453 832 1518 Ferrandus
857 1454 1008 1519 obtinuit
1032 1473 1177 1537 regnum

226 1556 348 1639 patris.

277 1656 358 1720 Rex
383 1654 523 1737 Angliaa
554 1654 819 1736 parliamentum
854 1653 966 1717 tenuit
995 1652 1177 1718 Stanford·
1190 1673 1320 1714 ratramni

226 1756 291 1834 iac;
322 1753 366 1819 ad
400 1755 493 1838 quod
524 1759 760 1819 convenerunt
788 1753 932 1817 comites
964 1759 1000 1817 et
1031 1754 1177 1818 barones
1190 1725 1333 1815 phemio,

227 1875 304 1920 cum
331 1856 429 1937 equis
452 1862 487 1919 et
509 1854 626 1931 armis,
654 1873 695 1918 eo
717 1861 758 1917 ut
783 1852 962 1918 dicebatur
986 1825 1344 1936 propositopltllhlla

228 1963 267 2020 ut
283 1957 541 2020 exsecutionem
562 1954 701 2018 Chartae
717 1953 760 2017 de
779 1953 926 2017 Foresta
940 1951 1108 2018 hactenus
1125 1954 1178 2020 di·
1190 1925 1312 1965 mum

227 2055 333 2119 latam
364 2061 610 2137 extorquerent
648 2053 692 2116 ad
726 2053 875 2134 plenum.
949 2051 1031 2116 Rex
1061 2061 1178 2118 autem

228 2173 347 2218 eorum
371 2153 572 2217 instantiam
600 2159 636 2216 et
660 2152 954 2233 importunitatem
985 2152 1178 2230 attendens,

229 2272 347 2317 eorum
369 2253 542 2317 voluntati
564 2252 599 2314 in
621 2252 780 2314 omnibus
801 2250 1056 2315 condescendit.
1108 2251 1178 2316 Eo·
1192 2271 1325 2323 noanon.

229 2339 306 2416 dem
341 2371 430 2416 anno
462 2369 554 2434 papa
582 2349 783 2414 Boniiacius
820 2369 883 2431 per
918 2349 1042 2414 Scotos
1074 2325 1320 2415 infor-lidiche„

231 2459 358 2529 natue,
385 2451 459 2533 regi
488 2449 627 2532 Angliae
654 2449 789 2513 litteras
815 2467 896 2513 suas
920 2448 1059 2526 direxit,
1085 2469 1178 2514 asse-
1192 2423 1344 2513 &ididia

230 2571 309 2617 rens
340 2570 485 2633 regnum
516 2549 644 2614 Scotiae
673 2549 716 2613 ad
743 2548 804 2632 jus
833 2547 1002 2613 Romanae
1026 2550 1180 2614 ecclesiae
1193 2525 1325 2622 lsshliril'or

230 2652 414 2734 pertinere,
444 2667 628 2732 regemque
660 2648 800 2730 Angliae
831 2647 1079 2732 subjectionem
1105 2649 1181 2734 ejus
1194 2623 1300 2664 smum

230 2757 354 2815 contra
384 2751 497 2814 Duum
530 2757 565 2813 et
592 2749 789 2832 justitiam,
810 2753 846 2812 et
877 2748 914 2811 in
941 2747 1182 2831 praejudicium

231 2851 323 2914 sedis
340 2849 541 2933 apostolicae
559 2849 745 2925 vindicare,
761 2847 913 2912 rationes
928 2847 1084 2930 allegans
1099 2851 1182 2914 sub·

231 2943 422 3033 scriptas:²
1172 2997 1173 3000 ,

278 3049 408 3126 Primo,
438 3049 519 3131 quia
547 3066 626 3111 cum
649 3047 824 3110 Henricus
846 3054 945 3128 pater
968 3048 1060 3128 regis
1082 3049 1183 3113 istius
1196 3073 1338 3115 caremus.

233 3149 401 3212 auxilium
424 3148 630 3212 obtinuisset
650 3147 687 3209 in
711 3166 837 3228 guerra
863 3153 984 3210 contra
1009 3147 1184 3212 Simonem

233 3248 276 3312 de
302 3247 520 3312 Monte-forti
546 3266 670 3327 araga
693 3245 875 3310 Scotorum
899 3244 1114 3324 Alexandro,
1140 3268 1184 3311 ne

234 3346 300 3410 hoc
332 3347 498 3410 auxilium
527 3347 608 3430 jure
639 3344 863 3428 subjectionis
902 3345 1088 3428 cujuslibet
1123 3354 1184 3411 aut

235 3447 342 3512 debiti
369 3447 515 3530 petitum
549 3451 611 3510 aut
644 3444 835 3528 praestitum
870 3452 1063 3526 putaretur,
1093 3444 1182 3510 idem

236 3546 410 3611 Henricus
436 3566 498 3629 per
525 3546 660 3609 litteras
688 3563 770 3608 suas
801 3551 960 3626 patentes
982 3541 1185 3626 recognovit

235 3666 305 3710 non
330 3666 375 3710 ex
402 3645 518 3710 debito
540 3645 721 3726 recepisse,
743 3644 804 3707 sed
826 3663 871 3707 ex
894 3643 1009 3726 gratia
1030 3645 1183 3726 speciali.

236 3745 379 3823 Iterum,
414 3744 458 3809 ad
494 3743 749 3810 coronationem
786 3742 890 3826 hujus
919 3744 1012 3825 regis
1040 3750 1185 3809 vocatus

235 3865 296 3927 per
317 3846 465 3922 litteras,
487 3853 528 3910 ut
549 3845 581 3908 ei
604 3842 822 3926 praesentiam
845 3861 943 3906 suam
971 3844 1186 3908 amicabilem

235 3945 271 4009 in
299 3946 408 4009 tantis
435 3945 610 4009 solemniis
639 3951 805 4025 tanquam
837 3942 968 4006 amicus
995 3943 1185 4021 exhiberet,

271 4198 278 4230 ¹
298 4197 398 4264 ‘regni’
410 4203 433 4250 is
445 4202 548 4252 omitted
561 4202 587 4250 in
598 4202 638 4250 M.
650 4200 701 4250 and
761 4199 772 4228 ²
788 4202 836 4251 Sec
853 4202 904 4252 this
925 4203 1000 4252 letter
1017 4209 1044 4252 at
1058 4205 1144 4268 length
1161 4206 1188 4254 in

236 4270 284 4321 Ar.
296 4275 354 4322 22⁰.
726 4271 803 4322 Hem.
816 4288 842 4334 p.
855 4273 904 4321 1⁷2
916 4278 1005 4334 etseq.
