3226 5020
606 513 791 564 aurnuns.
1114 496 1180 562 285.

224 669 362 752 Angliae
393 671 637 753 quamplurimi
663 672 699 734 in
725 671 893 733 descensu
926 670 1094 735 montium
1120 689 1177 732 oo*

223 778 412 835 currerunt.
480 770 646 834 Transita
669 790 749 834 vero
777 769 952 833 Sabaudia
983 770 1026 832 ad
1058 768 1176 832 ludum
1192 784 1337 823 Tounament

1192 837 1215 874 et
1223 835 1322 880 chalons,

224 870 420 948 militarem,
445 871 505 952 qui
523 870 629 951 vulgo
653 869 936 934 Torniamentum
961 868 1098 945 dicitur,
1117 889 1178 950 per
1192 885 1262 924 where
1271 885 1308 923 the

225 963 514 1034 ¹Kabilonensem
550 970 709 1034 comitem
755 969 933 1034 invitatur.
1000 962 1178 1050 ²Optabat
1191 939 1316 1044 &liiidie

223 1069 424 1134 rhenones
455 1089 532 1132 cum
567 1069 683 1132 muros
718 1067 796 1131 ains
828 1067 984 1132 minuam
1016 1067 1178 1131 edwardi
1191 1036 1296 1083 “mi

225 1188 328 1251 opere
345 1170 508 1252 experiri,
523 1169 623 1253 cujus
642 1167 715 1251 jam
739 1167 831 1230 fama
849 1167 1042 1248 repleverat
1059 1168 1177 1230 orbem

225 1276 347 1336 totum.
389 1268 545 1347 Quorum
563 1269 654 1332 votis
680 1267 953 1332 condescendens
973 1267 1177 1343 Edwardus,

224 1387 261 1432 se
279 1387 357 1432 cum
378 1368 544 1432 militibus
562 1369 646 1444 suis,
667 1367 750 1431 licet
773 1367 879 1447 longa
900 1367 1176 1449 peregrinatione

226 1468 376 1544 vexatis,
401 1475 534 1550 partem
558 1475 674 1531 tenere
704 1465 792 1530 velle
818 1473 940 1530 contra
960 1467 1119 1530 comitem
1143 1474 1178 1530 et

225 1586 307 1631 suos
329 1568 534 1650 proclamari
555 1566 648 1643 fecit,
677 1585 718 1630 ac
745 1585 980 1648 quoscumque
1003 1565 1090 1629 alios
1113 1566 1177 1628 mi-

226 1666 305 1730 lites
333 1662 588 1732 ³adventantes
645 1666 713 1729 Die
738 1665 856 1746 itaque
881 1672 1014 1734 statuto
1037 1685 1177 1746 congre·

228 1766 370 1831 diuntur
399 1774 529 1850 partes,
556 1766 749 1848 gladiisque
780 1765 816 1827 in
847 1765 1052 1829 alterutrum
1083 1766 1178 1846 inge-

226 1867 395 1930 minantes
411 1867 513 1942 ictus,
530 1867 621 1931 vires
639 1884 722 1929 suas
738 1872 913 1933 exercent.
959 1864 1083 1929 Comes
1095 1884 1178 1928 vero

226 1985 371 2030 cuneum
395 1965 558 2030 Edwardi
585 1973 782 2048 penetrans,
813 1984 890 2028 cum
919 1966 996 2046 ipso
1022 1965 1177 2027 cominus

226 2066 458 2148 congreditur,
486 2066 541 2129 oui
567 2065 706 2128 tandem
734 2063 870 2148 abjecto
896 2064 1012 2144 gladio
1034 2057 1177 2146 4appro-

226 2165 337 2247 pianS,
364 2166 489 2230 collum
514 2164 675 2228 Edwardi
702 2163 842 2227 brachio
877 2163 1117 2240 circumduxit,
1142 2171 1177 2227 et

227 2272 302 2329 tota
330 2264 532 2330 fortitudine
563 2265 782 2344 adstringens
813 2264 857 2327 ab
880 2282 968 2345 equo
996 2262 1176 2326 detrahere

225 2366 425 2429 conabatur.
477 2365 544 2428 Sed
563 2362 754 2427 Edwardus
772 2357 1042 2442 ⁵[inflexibiliter
1065 2381 1103 2425 se
1125 2371 1174 2425 te·
1191 2379 1282 2420 sever

226 2484 309 2527 nens
338 2471 501 2540 ereetum,
530 2463 610 2526 dum
634 2462 792 2527 comitem
821 2463 886 2525 sibi
914 2463 1022 2526 sensit
1045 2440 1312 2526 firmiuside‘doi‘iii

226 2564 487 2645 adhaerentem]
515 2582 640 2646 equum
665 2563 819 2642 urgendo
842 2561 1047 2638 calcaribus,
1069 2563 1175 2626 comi·

226 2670 296 2727 tem
315 2684 336 2727 a
353 2664 439 2727 selle
457 2661 641 2740 abstraxit,
659 2681 759 2744 quem
778 2662 821 2725 ad
834 2661 960 2726 collum
977 2681 1077 2726 suum
1096 2681 1176 2745 pen-

226 2763 363 2827 dentem
385 2764 508 2828 sortius
526 2782 548 2828 a
572 2782 609 2826 se
627 2763 817 2836 excutiens
835 2763 871 2824 in
894 2769 1021 2825 terram
1039 2761 1175 2845 dejecit.

228 2861 497 2928 commoventur
534 2862 659 2926 exinde
695 2855 979 2942 6Burgundiones
1009 2862 1045 2926 in
1077 2862 1176 2937 iram,

227 2961 384 3048 (jamque
407 2963 608 3027 exercitium
633 2967 805 3024 armorum
827 2961 863 3024 in
885 2960 1045 3025 hostilem
1070 2961 1178 3024 insul·

227 3069 311 3138 tum,
344 3069 548 3146 coeptusque
573 3061 674 3124 ludus
707 3060 867 3124 bellicum
889 3061 1037 3124 vertitur
1061 3061 1097 3123 in
1124 3068 1179 3124 tu·

226 3160 404 3246 multum,)
420 3181 577 3244 quorum,
597 3161 743 3224 adversa
760 3167 859 3241 parte
880 3166 919 3222 ut
936 3161 1029 3223 vices
1044 3153 1180 3241 ⁷repen·

227 3262 289 3325 dat
304 3261 428 3326 fortius
449 3261 642 3336 insistente,
659 3259 833 3340 frangitur
851 3260 1013 3340 impetnS,
1031 3260 1180 3340 caesique

228 3362 366 3425 cedunt.
434 3355 614 3424 ⁸P0stnaec
648 3359 789 3442 paulum
823 3358 1033 3422 refocillatus
1066 3376 1270 3427 comesturus

1192 3429 1269 3469 second
1278 3429 1331 3468 time

228 3460 438 3524 Edwardum
469 3460 619 3524 secundo
642 3459 853 3540 aggreditur,
883 3458 983 3542 cujus
1013 3477 1118 3538 super
1142 3477 1179 3522 se
1193 3480 1299 3540 quagrpg

228 3579 368 3624 manum
397 3561 548 3624 sentiens
583 3558 769 3640 aggravari
799 3551 947 3621 ⁹dedidit
978 3576 1015 3622 se
1048 3557 1177 3636 eidem;
1192 3530 1316 3670 ffifflh

1193 3691 1264 3730 young
1273 3678 1332 3728 king.

263 3799 271 3832 ¹
289 3800 525 3860 ‘Kebilanensem3’
536 3793 605 3848 D’A.
616 3815 622 3847 ς
634 3813 691 3860 pro-
752 3793 831 3845 ⁵The
848 3798 934 3844 clause
954 3797 1044 3845 within
1063 3797 1181 3846 brackets

227 3873 299 3934 perly
311 3875 318 3902 ‘
328 3872 539 3922 Catalaunensem
547 3865 561 3918 ε’
572 3868 690 3918 i.e.Che·
716 3867 738 3915 is
751 3866 856 3915 omitted
867 3867 893 3914 in
905 3865 952 3916 Ar.

224 3943 292 3992 lons.
753 3932 763 3962 ⁰
778 3936 1004 3998 ‘Burgundienses
1014 3931 1029 3996 ς’
1040 3935 1087 3986 Ar.
1099 3941 1157 3988 220.

261 4025 494 4086 '‘Optabatenim
507 4026 562 4086 ipse
579 4038 662 4074 comes
674 4025 691 4084 ;’
751 4001 1038 4103 {irflpffldflssit'fl’ss
1105 4072 1113 4093 ‚

226 4098 303 4147 Met
314 4096 361 4145 Ar,
717 4150 777 4195 m
799 4077 863 4126 Post
885 4076 932 4125 hoc
954 4077 1106 4138 paululum
1133 4076 1181 4127 Ar.

262 4192 273 4224 ³
289 4193 468 4242 ‘advenientes
478 4191 494 4252 δ’
506 4193 545 4242 M·
555 4197 579 4241 0⁶
590 4191 636 4241 ΑΓ·
752 4213 762 4244 ⁹
779 4216 824 4265 ‘se
841 4216 912 4266 dedit
925 4212 938 4277 ;'
955 4219 993 4265 M.
1004 4235 1010 4266 ι
1031 4218 1116 4266 ‘dedit
1128 4233 1155 4266 se
1163 4213 1180 4277 ;’

264 4287 274 4319 ⁴
290 4289 474 4350 ‘approprians
483 4283 497 4347 ;’
518 4288 579 4336 Cod.
591 4288 654 4348 Reg.
716 4285 764 4336 Ar.
774 4290 831 4335 220.
