3180 5026
424 499 447 564 6
777 511 852 559 nic.
875 508 1023 557 rsrvnrr

427 692 469 736 eo
494 670 585 753 qnod
612 677 704 734 esset
727 669 930 734 remissioris
954 667 1083 747 ingenii
1106 673 1235 741 amoto,
1256 684 1378 729 secun-

429 771 510 834 dum
537 770 646 834 filium
670 767 909 833 Theohaldum
934 766 977 830 ad
999 765 1199 830 hereditatis
1222 772 1377 847 paternae

430 867 678 953 plenitudinem
702 861 925 930 ¹sublimavit.
978 864 1134 928 Tertium
1150 883 1233 928 vero
1257 863 1378 939 filium,

432 967 646 1050 Stephanum
669 968 818 1043 nomine,
835 965 949 1029 adhuc
963 964 1174 1045 impuberem
1203 955 1380 1044 ¹germano

433 1087 497 1132 sue
515 1067 669 1132 Henrico
696 1067 771 1146 regi
788 1063 927 1152 Angliee
943 1057 1170 1127 ¹educandnm
1190 1069 1226 1125 et
1243 1080 1380 1143 promo-

435 1165 597 1242 vendum,
623 1172 791 1247 tanquam
818 1169 979 1246 nepotem
1000 1168 1139 1244 patruo,
1163 1160 1382 1225 commenda-

435 1266 497 1332 vit.
549 1264 722 1343 Quartum
749 1281 841 1340 vero,
868 1260 1060 1326 Henricum
1082 1261 1232 1337 nomine,
1250 1278 1293 1322 ne
1314 1259 1379 1323 soli

436 1365 564 1434 saeculo
583 1364 757 1428 videretur
779 1361 906 1426 liberos
932 1361 1106 1443 genuisse,
1124 1359 1219 1442 apud
1247 1377 1382 1422 monas·

436 1464 561 1528 terium
579 1455 823 1528 cluniacense²
849 1460 1054 1524 tonsoravit.
1105 1457 1277 1522 Processu
1299 1477 1383 1521 vero

437 1561 615 1644 temporis,
649 1562 826 1630 Henricus
857 1558 1053 1640 Anglornm
1083 1575 1147 1621 rex
1180 1556 1383 1623 comitatum

439 1649 624 1726 Μοτῑοηίἱ8
658 1679 719 1724 seu
757 1657 1061 1722 Constauciensem
1095 1657 1132 1720 in
1166 1654 1383 1720 Normannia

438 1759 557 1841 nepoti
593 1777 658 1823 suo
689 1756 865 1840 Stephano
897 1756 1055 1832 contulit,
1087 1755 1294 1836 unicamque
1326 1773 1384 1818 co-

439 1859 532 1930 mitis
560 1857 779 1924 Boloniensis
806 1855 924 1932 filiam,
949 1854 994 1918 ad
1022 1873 1126 1937 quam
1150 1853 1252 1936 plene
1270 1852 1385 1916 devol-

439 1957 553 2022 venda
576 1963 653 2022 crat
682 1955 856 2020 hereditas
883 1947 1055 2036 paterna,4
1079 1953 1189 2016 eidem
1214 1951 1386 2016 connuhio

439 2055 626 2138 copulavit.
689 2054 880 2119 Henrioum
904 2072 988 2118 vero
1011 2052 1153 2116 nahem
1182 2051 1335 2134 ejusdem
1365 2069 1388 2113 a

441 2153 609 2218 Cluniaco
624 2161 818 2229 evocatum,
835 2151 1112 2216 Glastoniensem
1130 2151 1291 2215 abbatem
1306 2168 1388 2213 con-

440 2254 566 2329 stituit,
606 2253 663 2318 cui
703 2260 740 2317 et
784 2258 907 2334 postea
939 2250 1191 2316 wintoniensis
1232 2248 1386 2314 ecelesiae

441 2351 588 2418 contulit
611 2351 849 2434 praesulatum,
874 2350 935 2433 qni
961 2350 1142 2432 utriusque
1168 2348 1271 2412 simul
1290 2348 1386 2411 func·

442 2458 500 2518 tus
532 2450 644 2516 officio
677 2451 914 2533 possessiones
947 2448 1176 2531 amplissimas
1205 2447 1388 2530 utriusque

442 2551 596 2627 retinuit,
619 2550 778 2628 Romano
798 2568 876 2612 cum
901 2566 943 2611 eo
971 2546 1134 2629 pontifice
1155 2547 1387 2628 dispensante.

443 2649 641 2730 Stephanus
663 2647 783 2728 igitur,
800 2653 841 2710 nt
860 2645 1045 2728 praefatum
1066 2653 1131 2722 est,
1147 2646 1325 2709 subtracto
1346 2644 1389 2710 de

321 2760 323 2766 ’
443 2746 556 2811 medio
591 2745 776 2821 avunculo,
805 2764 948 2826 regnum
979 2743 1117 2826 Angliae
1150 2743 1330 2819 invadens
1368 2761 1391 2806 a

443 2845 621 2914 Willclmo
650 2843 894 2910 cantuariensi
921 2842 1192 2926 archiepiscopo,
1218 2848 1392 2906 annuente

444 2943 707 3010 Sareshuriense
732 2942 886 3024 Rogero,
902 2943 939 3007 in
963 2942 1149 3025 praesentia
1168 2940 1391 3023 praelatorum

444 3051 480 3106 et
502 3061 695 3125 procerum,
712 3061 782 3106 non
799 3042 959 3107 obstante
969 3041 1181 3126 juramento,
1198 3039 1289 3123 quod
1311 3039 1392 3104 olim

444 3142 654 3224 imperatrici
678 3139 817 3206 vivente
843 3147 942 3222 patre
965 3140 1212 3223 praestiterant,
1232 3138 1392 3202 solemni·

445 3247 499 3304 ter
522 3248 719 3305 coronatur.
776 3238 874 3304 Sedit
896 3258 938 3303 ea
959 3245 1165 3320 tempestate
1186 3237 1309 3303 Romae
1330 3236 1390 3300 In·

444 3339 624 3404 nocentius
650 3339 833 3415 secundus,
850 3337 1041 3420 imperante
1066 3336 1232 3402 Lethario
1253 3343 1392 3418 quarto,

444 3446 479 3502 et
496 3445 664 3520 regnante
680 3439 717 3501 in
733 3437 883 3502 Francia
898 3431 1097 3501 Ιιοᾱονίοο.ὅ
1363 3437 1366 3444 ’

478 3655 488 3688 ¹
499 3655 645 3720 ‘pervenit,’
660 3660 750 3709 ‘fratri
765 3653 829 3722 su0,’
842 3661 907 3709 ‘nu·
968 3655 1088 3708 “totum
1110 3661 1242 3721 spectabat
1266 3659 1394 3708 hereditas

442 3727 567 3777 triendum
576 3725 592 3788 ;'
608 3727 655 3778 Ar.
930 3727 1396 3797 patemanepotiudominostephanoss

479 3794 489 3824 ²
500 3797 542 3844 ‘in
553 3797 703 3846 monachum
709 3796 726 3855 ς’
741 3796 790 3847 Ar.
931 3798 980 3847 Ar.

479 3863 638 3916 ³‘Mertonii
648 3866 665 3926 ;’
681 3862 749 3916 m.
967 3866 978 3897 ⁶
992 3868 1072 3917 Iouis
1081 3868 1130 3918 VI.
