3252 5026
422 503 488 570 222
786 519 858 566 ruo.
877 519 1024 565 rnrvsrr

257 675 385 785 'ffitho
422 678 548 743 diffusa
577 677 703 761 gratia,
725 684 764 741 ut
779 677 822 742 de
841 678 966 755 verhiS,
981 697 1059 759 quae
1082 675 1314 759 procedebant
1331 661 1374 740 de

260 796 395 836 dominium·
422 799 482 843 ore
505 779 589 864 ejuS,
621 779 682 843 vix
706 778 880 842 auditores
910 785 1054 860 possent
1082 777 1213 840 satiari.
1266 775 1375 840 Mira-

422 880 509 944 oulis
541 898 679 963 quoque
706 885 957 960 postmortem
986 877 1111 942 claruit
1132 876 1302 958 plurimis,
1331 877 1374 940 de

423 979 548 1062 quihus
577 980 621 1043 ad
649 978 911 1042 aedificationem
940 979 1128 1059 legentium
1156 976 1225 1040 duo
1248 975 1374 1041 sufficit

423 1086 600 1144 annotare.
653 1079 825 1161 Magister
840 1079 906 1142 iste
920 1077 1001 1141 dum
1012 1077 1155 1155 viveret,
1173 1077 1207 1138 in
1224 1077 1374 1159 quodam

422 1179 631 1244 monasterio
649 1198 806 1243 sororum
824 1178 966 1255 ordinis„
981 1177 1155 1260 quandam
1172 1177 1373 1241 excellentis

423 1281 505 1344 vitae
531 1299 684 1344 sororem
707 1279 907 1342 instituerat
921 1278 1133 1360 priorissam,
1150 1296 1228 1358 quae
1251 1283 1374 1359 postea

422 1399 587 1462 percussa
612 1379 778 1462 paralysi,
799 1378 892 1443 facta
916 1378 1101 1460 impotens,
1123 1376 1159 1440 in
1184 1377 1274 1440 lecto
1291 1396 1374 1440 con·

423 1481 519 1544 tinne
550 1480 802 1558 decumbebat;
836 1484 977 1561 propter
1003 1477 1096 1561 quod
1125 1477 1374 1541 instantissime

423 1582 564 1663 petebat
596 1599 657 1662 per
695 1580 890 1662 superiores
926 1597 1008 1642 suos
1046 1579 1090 1640 ab
1130 1575 1242 1642 officio
1281 1577 1374 1658 quod

422 1681 569 1761 'exsequi
602 1699 672 1743 non
704 1685 841 1761 poterat
875 1678 1035 1742 absolvi:
1068 1676 1129 1740 sed
1166 1677 1374 1740 reclamante

423 1786 608 1856 conventu,
647 1779 704 1842 cui
745 1778 927 1842 videbatur
960 1778 1078 1842 utilior
1110 1777 1160 1841 sic
1197 1776 1374 1858 languida,

423 1898 528 1961 quom
571 1879 640 1942 alia
683 1897 911 1960 quaecunque,
957 1897 1027 1941 non
1062 1877 1175 1959 potuit
1206 1877 1373 1940 obtinere.

424 1976 564 2043 Auditis
588 1979 706 2060 itaque
726 1979 900 2042 miraculis
920 1977 1051 2055 multis,
1073 1996 1151 2060 quae
1169 1976 1213 2040 ad
1236 1976 1374 2040 invoca-

424 2079 551 2142 tionem
579 2078 726 2142 nominis
750 2078 866 2142 fratris
885 2077 909 2142 J
911 2077 1032 2142 ordani
1058 2078 1094 2140 in
1120 2076 1266 2140 diversis
1293 2097 1373 2160 par·

424 2178 517 2242 tibus
545 2179 775 2260 contigerant,
808 2185 980 2243 conventu
1010 2172 1199 2259 ¹prudente
1226 2177 1307 2241 fecit
1337 2197 1374 2242 se

423 2279 460 2341 in
488 2279 677 2360 gestatorio
705 2277 856 2361 quodam
879 2279 923 2342 ad
953 2278 1133 2342 ecelesiam
1156 2295 1177 2339 a
1199 2277 1373 2341 sororibus

424 2377 609 2461 deportari.
684 2378 831 2456 Deinde,
860 2379 994 2442 emissis
1026 2377 1212 2454 sororibus,
1245 2377 1375 2462 devote

423 2479 564 2560 rogavit
596 2479 737 2542 fratrem
771 2477 795 2542 J
797 2478 977 2554 ordonum,
1004 2496 1107 2559 quem
1139 2477 1375 2541 indubitanter

424 2579 586 2643 credebat
609 2597 753 2660 regnare
770 2598 847 2642 cum
867 2577 1046 2653 Canusio,
1071 2584 1111 2640 ut
1126 2577 1192 2640 sibi
1209 2577 1374 2659 impetra-

425 2685 478 2742 ret
496 2698 517 2742 a
534 2679 697 2755 Domino,
715 2678 771 2741 vel
789 2679 832 2740 ab
860 2677 924 2742 hae
942 2678 1016 2741 vita
1033 2675 1190 2741 celeriter
1206 2677 1301 2753 exui,
1319 2678 1374 2741 vel

426 2779 470 2840 ab
494 2777 605 2842 officio
631 2797 693 2859 per
723 2778 917 2859 superiores
944 2797 1026 2841 suos
1057 2777 1202 2853 absolvi,
1225 2777 1282 2840 vel
1308 2776 1375 2840 sibi

426 2879 610 2940 sanitatem
642 2876 799 2952 conferri,
831 2897 893 2959 per
920 2896 1024 2959 quom
1056 2876 1154 2940 fieret
1181 2875 1306 2940 idonea
1330 2876 1374 2940 ad

422 2969 641 3059 ²impositum
676 2975 824 3039 officium
861 2975 1131 3060 exsequendum.
1216 2975 1373 3059 Moxque

426 3076 534 3140 sensit
555 3076 729 3158 quandam
753 3075 917 3140 virtutem
944 3077 1010 3140 sihi
1028 3075 1193 3140 divinitus
1213 3076 1375 3154 infusam,

426 3195 495 3258 qua
517 3175 712 3240 confortata
729 3176 840 3258 primo
863 3177 981 3259 pedem
1005 3195 1125 3253 unum,
1142 3176 1265 3240 deinde
1289 3177 1375 3241 alte-

426 3296 502 3340 rum
530 3281 632 3340 extra
660 3276 887 3358 gestatorium
916 3275 1024 3358 coepit
1052 3294 1203 3359 ponere3
1236 3275 1375 3340 tandem

425 3383 540 3440 erecta
556 3377 663 3459 coepit
679 3395 740 3459 per
754 3375 894 3440 chorum
910 3376 1100 3453 ambulare,
1116 3376 1217 3459 quasi
1234 3396 1279 3440 an
1295 3396 1376 3441 vere

424 3483 517 3540 esset
543 3484 668 3541 sanata
695 3483 855 3540 tentaret.
909 3476 1044 3540 Deinde
1073 3476 1193 3540 audita
1218 3476 1300 3539 nola
1322 3497 1375 3540 re·

424 3576 570 3654 lectorii,
601 3577 759 3640 sentiens·
781 3595 818 3640 se
846 3595 967 3660 gressu
997 3577 1180 3652 firmatam,
1206 3577 1376 3659 processit

424 3677 561 3742 obviam
574 3677 759 3742 conventui
774 3676 947 3741 cantando
966 3673 1165 3740 ‘Miserere'
1180 3676 1223 3739 ad
1240 3677 1376 3741 ecclesi-

424 3793 480 3839 am
502 3778 664 3842 venienti.
718 3777 833 3857 Quam
845 3776 1003 3861 juniores
1021 3775 1132 3860 primo
1155 3783 1376 3840 occurrentes

422 3876 638 3942 mirabantur
653 3878 682 3941 si
699 3877 864 3961 priorissa
890 3886 993 3954 esset,
1012 3896 1090 3960 quae
1109 3876 1159 3940 sic
1182 3876 1376 3941 ambularet

459 4116 467 4147 ¹
487 4120 550 4168 Hall
569 4123 677 4168 correcte
694 4117 746 4167 this
764 4118 886 4180 ‘persua-
910 4117 1018 4181 thought
1039 4119 1060 4166 it
1082 4119 1164 4167 better
1185 4122 1211 4168 to
1232 4121 1313 4170 retain
1332 4121 1375 4170 the

422 4184 519 4249 deute?
536 4191 582 4238 but
593 4189 628 4237 all
642 4189 684 4237 the
701 4187 777 4237 MSS.
791 4187 885 4251 haring
911 4189 1013 4250 general
1027 4189 1142 4251 reading.

423 4262 432 4288 ‘
444 4253 584 4322 prudente,’
606 4257 690 4307 which
714 4271 795 4307 seems
817 4273 884 4308 more
919 4256 956 4309 3²
971 4259 1136 4320 ‘impositum
1160 4259 1209 4308 sibi
1231 4259 1374 4321 officium3'

423 4330 555 4392 agreeable
565 4333 590 4377 to
599 4328 641 4378 the
652 4333 762 4392 context,
768 4343 808 4377 we
819 4329 884 4378 have
910 4329 948 4377 M.
959 4333 984 4376 et
995 4328 1042 4379 Ar.
