3170 5020
442 493 508 556 401
811 509 883 556 ruo.
899 509 1048 555 unrvurr

281 679 390 727 metina
445 662 613 726 custodiae
631 657 900 745 mancipandos.¹
958 662 1094 726 Exinde
1110 663 1256 726 subacta
1274 661 1317 725 ad
1335 681 1401 726 vo-

280 734 398 829 ffiff
446 769 521 826 tum
549 761 678 838 Scotia,
708 762 959 844 commissaque
985 762 1060 846 ejus
1082 761 1241 826 custodia
1264 760 1287 824 J
1290 763 1402 825 oanni

447 860 490 924 de
507 860 672 942 Segrave,
694 882 757 925 rex
779 863 816 924 in
832 860 997 942 Angliam
1018 861 1165 936 redienS,
1182 880 1260 924 cum
1281 861 1400 924 venis·

448 966 503 1023 set
532 960 740 1037 Eboracum,
763 960 871 1043 Jussit
896 960 1082 1023 sessionem
1113 959 1399 1042 justitiariorum,

450 1059 510 1141 qui
532 1058 694 1123 dicuntur
710 1059 752 1122 de
776 1060 907 1135 Banco,
927 1066 963 1122 et
982 1060 1206 1135 scaccarium,
1224 1077 1302 1139 quae
1320 1057 1401 1139 jam

449 1151 647 1239 'septennio
664 1165 862 1221 manserant
875 1158 1036 1235 Eboraci,
1057 1153 1254 1221 Lond'onias
1272 1157 1316 1219 ad
1334 1175 1402 1219 an·

449 1257 583 1338 tiquum
598 1257 711 1320 locum
729 1249 934 1320 transferri.³
993 1279 995 1284 ’

286 1373 399 1423 spiram
479 1354 599 1418 Obiit
626 1354 691 1419 hoc
720 1375 811 1420 anno
844 1355 1009 1437 magister
1042 1355 1195 1418 Thomas
1224 1355 1267 1418 de
1295 1353 1401 1418 Cole-

286 1426 387 1474 Μ’
450 1454 595 1536 brugge,
627 1454 906 1537 archiepiscopus
942 1455 1197 1528 Eboracensis;
1232 1454 1288 1517 oui
1321 1472 1404 1517 suc-

450 1554 554 1616 cessit
568 1552 764 1617 Willelmus
781 1554 823 1617 de
841 1553 1037 1629 Greneield,
1058 1553 1179 1616 doctor
1195 1553 1232 1615 in
1250 1559 1401 1634 utroque

446 1651 538 1735 jure,
556 1653 722 1716 canonico
740 1659 775 1715 et
789 1653 893 1716 civili.
947 1651 1043 1715 Obiit
1060 1651 1163 1715 etiam
1179 1650 1202 1714 J
1206 1670 1335 1715 oannes
1354 1651 1401 1715 de

451 1751 641 1826 Warenna,
659 1770 774 1814 comes
800 1751 948 1814 Surreiae
972 1758 1008 1814 et
1023 1751 1216 1828 Sussexiae;
1243 1751 1297 1814 cui
1321 1769 1403 1813 suc-

452 1850 556 1912 cessit
577 1868 685 1931 nepos
705 1849 781 1932 ejus
798 1869 842 1912 ex
864 1849 947 1926 filio,
964 1848 987 1912 J
990 1867 1120 1912 oannes
1142 1849 1291 1925 nomine,
1308 1869 1401 1912 uxo-

452 1966 524 2010 rem
553 1948 725 2029 accipiens
755 1955 892 2030 neptem
921 1947 1014 2029 regis
1041 1968 1085 2012 ex
1120 1947 1191 2011 filia
1222 1946 1402 2024 Alienora,

452 2065 555 2128 quarn
583 2045 685 2110 duxit
708 2067 822 2110 comes
846 2048 1038 2113 Barrensia
1093 2046 1172 2110 Hoc
1201 2066 1291 2110 anno
1309 2046 1404 2110 ordi-

452 2147 526 2209 nati
543 2153 626 2209 sunt
637 2145 833 2229 justitiarii,
850 2146 968 2228 quide
988 2144 1268 2209 malefactoribus
1285 2146 1402 2228 inqui-

452 2251 567 2308 rerent
583 2244 765 2326 diligenter
782 2251 949 2326 qnantum
967 2245 1011 2307 ad
1032 2250 1145 2307 certos
1172 2245 1347 2320 articulos,
1364 2253 1403 2308 et

289 2364 423 2404 ruricurte·
447 2343 554 2427 juxta
577 2343 743 2408 demerita
773 2345 936 2426 punirent
950 2344 1131 2406 inventos.
1193 2343 1244 2405 Hi
1267 2343 1403 2426 justiti-
1455 2411 1457 2414 ,

289 2415 408 2464 appointed,

288 2464 391 2554 ἔξω
454 2443 518 2506 arii
553 2444 597 2506 ab
625 2443 820 2507 hominibus
853 2442 1074 2524 popularibus
1105 2443 1220 2506 vocati
1251 2449 1333 2506 suut
1358 2443 1404 2505 de

289 2524 412 2613 narrent:-
454 2536 875 2624 “Traylebastouu,⁵quod
887 2549 989 2606 sonat
998 2540 1286 2605 Trahebaculum.
1303 2541 1405 2623 Papa

290 2613 357 2654 ‘⁰¹¹³'
457 2641 679 2719 Benedictus,
702 2641 879 2704 intellecta
903 2647 1014 2704 morte
1038 2639 1156 2703 fratris
1172 2639 1338 2704 Willelmi
1360 2641 1405 2704 de

457 2739 867 2815 Makelesfelde‚fratrem
879 2738 1405 2803 WalterumdeWinterbourne

455 2839 613 2903 similiter
623 2839 751 2902 ordinis
767 2838 1050 2914 Praedicatorum,
1065 2839 1157 2919 regis
1169 2836 1308 2919 Angliae
1319 2857 1403 2902 con-

455 2936 632 3012 sessorem,
669 2937 943 3002 Saresburiensis
977 2937 1147 3013 dioecesis,
1180 2937 1223 2999 ad
1256 2937 1401 3000 eundem

456 3034 596 3097 titulum
634 3035 868 3100 cardinalatus
913 3035 1094 3118 promovit.
1173 3034 1405 3099 Considerans

457 3133 561 3197 etiarn
590 3134 685 3217 pium
713 3154 801 3212 esse,
826 3155 925 3200 ovem
954 3142 1126 3198 errantem
1152 3133 1234 3198 licet
1259 3135 1406 3199 invitam

492 3355 501 3386 ¹
519 3357 589 3406 ‘Pro
607 3359 788 3407 sustentatione
808 3357 919 3420 singulo-
942 3359 1020 3419 niam,
1030 3359 1075 3407 ubi
1085 3373 1167 3420 usque
1178 3363 1236 3419 post
1245 3358 1337 3407 festum
1346 3359 1406 3409 Na·
1427 3408 1432 3418 ,

455 3442 511 3480 rum
523 3428 604 3488 jussit
614 3427 728 3479 exhiberi
741 3441 864 3478 annonam
880 3441 919 3478 se·
941 3429 1048 3476 tivitatis
1057 3429 1198 3477 Dominicae
1206 3442 1300 3476 moram
1311 3425 1389 3478 lecit?

453 3496 568 3545 cundum
589 3497 741 3557 exigentiam
764 3500 845 3545 status
869 3497 919 3546 sui.
978 3491 1238 3558 “Traylebastouns
1248 3498 1267 3545 i.
1276 3511 1299 3546 a.
1308 3503 1351 3547 not
1359 3499 1404 3548 the

457 3566 524 3626 Rex,
533 3571 616 3614 castro
627 3565 659 3614 de
671 3565 789 3615 Strireliu
801 3566 850 3613 sibi
862 3565 918 3612 red·
943 3565 1064 3627 offender,
1080 3581 1126 3614 nor
1136 3567 1178 3616 the
1197 3567 1310 3626 offence;
1328 3569 1376 3615 but
1388 3583 1406 3619 a

457 3634 521 3695 dito,
542 3633 702 3696 progreditur
724 3649 806 3695 usque
834 3634 919 3682 villam
944 3636 1318 3698 vulgarnickname,as'l¹rivet
1327 3636 1408 3699 hints,

457 3703 483 3752 S.
491 3703 599 3753 loannis
610 3703 642 3752 de
654 3704 725 3764 Pert,
736 3703 780 3752 ubi
792 3717 849 3754 cum
861 3718 920 3752 con·
944 3701 983 3751 ior
990 3705 1032 3752 the
1037 3705 1120 3766 judge
1127 3705 1185 3754 who
1192 3704 1258 3753 tried
1265 3720 1293 3753 or
1301 3706 1408 3766 punish-

457 3772 516 3820 cilio
527 3772 559 3820 de
570 3773 693 3833 praedicto
709 3777 801 3832 castro,
811 3771 920 3833 aliisque
945 3772 977 3820 cd
988 3773 1030 3821 the
1041 3774 1173 3824 offenders.
1196 3775 1294 3823 Forthe
1306 3773 1366 3823 form
1381 3777 1410 3824 in

457 3841 566 3903 negotiis
581 3842 683 3904 Scotiaa,
698 3856 744 3902 pro
763 3841 839 3890 libitu
855 3842 920 3889 ordi·
944 3841 1030 3892 which
1037 3843 1088 3892 this
1095 3857 1149 3892 was
1156 3843 1320 3903 orderodsee
1328 3845 1408 3896 Hem.

456 3905 549 3970 navit?
560 3912 599 3959 M.
945 3915 1087 3974 noaetseq.
1121 3913 1408 3973 TheTraylebastouns’

493 3977 564 4028 ”A
599 3978 664 4032 sesto
700 3979 761 4028 Stae.
790 3979 921 4031 Trinitatis
945 3994 1031 4030 names
1039 3981 1234 4042 wereRadulph
1246 3983 1409 4032 Fitawilliam

459 4047 921 4109 MGCLXXXXVII.usqueinprae-
945 4050 995 4098 and
1012 4051 1081 4100 John
1096 4051 1129 4100 de
1149 4052 1243 4100 Barton
1259 4051 1292 4100 de
1313 4051 1409 4112 Ryton.

459 4131 517 4166 sens
529 4118 623 4166 Natale
635 4118 739 4167 Domini
746 4117 764 4179 3⁹
775 4117 851 4166 Hem.
861 4121 919 4167 206.
947 4119 985 4169 ld.

495 4183 583 4236 ’cod
598 4187 663 4235 Mer.
685 4187 745 4236 here
767 4186 841 4246 adds,
861 4187 919 4236 ‘De
980 4185 1095 4250 ⁵‘quod
1118 4193 1202 4240 tamen
1231 4185 1331 4252 sonat?
1358 4189 1409 4244 Ar.

460 4251 575 4307 Eboraco
585 4269 733 4320 progressus
741 4256 809 4304 venit
820 4255 920 4307 Linool·
944 4260 1002 4308 220.
