3180 5026
559 527 758 576 -nnnsnns
1097 507 1141 572 29

184 685 348 749 nuntiata
372 686 404 750 ei
427 685 493 748 loci
516 684 690 750 deditione
708 684 848 750 divertit
866 703 974 767 usque
993 683 1140 768 Noting-

185 785 350 862 hamiam,
367 804 436 868 qua
450 803 532 848 mox
550 795 754 869 expugnata
771 793 988 867 vacuataqne
1006 787 1139 868 opibus,

185 885 370 948 munitioni
396 885 482 969 ejus,
509 891 635 950 natura
660 886 727 951 loci
753 885 1024 967 inexpugnabili,
1050 887 1138 950 obsi-

185 984 322 1060 dendae,
339 984 394 1048 vel
418 983 606 1067 capiendae,
630 987 767 1051 inanem
785 984 982 1068 impendere
999 1004 1139 1069 operam

185 1084 373 1148 recusavit.

240 1183 333 1246 Dum
355 1183 430 1246 haec
459 1176 637 1264 ¹aguntur,
662 1183 748 1247 obiit
774 1184 864 1248 filius
893 1185 984 1266 regis
1013 1185 1140 1250 Eusta-
1153 1201 1293 1242 crucem·-

1100 1285 1107 1298 ,
1153 1252 1296 1297 racatheaon

186 1283 301 1360 chius,
316 1301 478 1364 magnam
496 1282 721 1347 reformandae
737 1283 827 1348 inter
844 1285 1015 1368 principes
1032 1304 1139 1368 pacis,
1153 1303 1283 1392 qqgternen.

187 1401 255 1446 sua
274 1391 396 1460 morte,
419 1383 633 1448 occasionem
655 1382 864 1466 relinquens.
918 1383 1026 1448 Pater
1049 1386 1140 1448 enim
1200 1381 1205 1391 '

188 1482 235 1546 ad
263 1482 411 1546 bellicos
441 1475 649 1565 'apparatus
676 1476 834 1565 ³segnior
862 1483 1076 1560 movebatur,
1106 1492 1141 1550 et

187 1582 407 1646 suadentium
424 1601 544 1664 pacem
561 1601 735 1647 sermones
751 1582 939 1665 patientius
957 1583 1139 1665 audiebat3

189 1681 410 1764 tandemque,
433 1681 661 1746 mediantibus
685 1682 816 1760 amicis,
841 1702 912 1766 pax
934 1682 1027 1746 inter
1048 1685 1141 1766 prin.

188 1781 284 1864 cipes
323 1790 359 1846 ct
391 1789 494 1846 caute
530 1781 729 1859 reformata,
763 1789 800 1847 et
832 1782 867 1846 in
905 1781 1052 1846 solidum
1087 1792 1141 1849 est

188 1882 338 1946 firmata.
391 1882 579 1946 Decretum
600 1900 750 1963 namque
772 1889 826 1946 est
848 1900 991 1946 assensu
1018 1883 1141 1966 princi·

187 2001 284 2064 pnm,
308 1989 348 2045 ut
368 1980 563 2065 Stephanus
589 1981 762 2064 deinceps,
788 1990 953 2064 tanquam
982 1981 1141 2066 princeps

188 2082 379 2162 legitimus,
393 2082 526 2163 integre
543 2089 704 2164 regnaret
720 2100 796 2145 cum
812 2081 924 2164 gloria
940 2087 975 2146 ct
992 2081 1139 2162 honorc;

188 2182 256 2257 cui,
292 2189 458 2263 tanquam
492 2181 591 2244 heres
626 2180 813 2262 legitimus,
843 2181 1042 2247 succederet
1068 2181 1140 2245 dux

190 2280 377 2346 Henrious.
431 2279 534 2344 Hanc
565 2281 661 2363 pacis
689 2279 833 2344 formam
863 2275 1026 2363 ⁴uterque
1048 2282 1140 2346 vide-
1154 2299 1247 2338 Peucen

1154 2349 1270 2388 concluded

188 2381 271 2445 licet
298 2401 361 2444 rex
389 2388 425 2444 et
448 2379 521 2445 dux
551 2389 716 2463 tanquam
742 2381 859 2446 utilem
884 2375 936 2444 ⁵et
962 2380 1141 2444 honestam
1155 2401 1298 2498 »summ

189 2480 426 2557 admittentes,
440 2479 558 2544 multis
575 2499 647 2563 prae
664 2480 792 2562 gaudio
806 2480 1089 2562 lacrymantibus,
1107 2500 1143 2543 m
1156 2500 1237 2548 nem.

192 2588 334 2645 mutuos
365 2600 403 2644 se
432 2580 601 2658 dederunt
618 2581 823 2663 amplexus.
876 2580 973 2657 Dux,
1002 2589 1145 2662 accepta
1194 2621 1198 2628 =

192 2680 345 2757 licentia,
373 2679 518 2744 feliciter
540 2681 575 2743 in
603 2677 855 2744 Normanniam
885 2679 1143 2760 transfretavit3

192 2787 276 2844 ante
303 2779 404 2863 cujus
435 2780 580 2844 reditum
613 2799 674 2843 rex
706 2780 917 2846 Francorum
950 2779 1144 2846 Lodovicus

193 2878 357 2944 Castrum
377 2879 575 2944 Vernonem
588 2880 624 2942 ln
643 2877 860 2944 Normannia
876 2880 1069 2963 occupavit.

239 2979 414 3043 Defuncto
440 2979 504 3044 hoc
532 2998 624 3043 anno
657 2997 750 3061 papa
782 2979 950 3061 Eugenio,
979 2981 1144 3044 successit
1158 2994 1294 3084 lupumqu

193 3077 406 3142 Anastasius
419 3072 500 3157 IV,⁶
519 3079 656 3143 natione
674 3079 865 3144 Romanus.
904 3077 1023 3142 Abbas
1040 3081 1145 3143 etiam
1158 3056 1305 3144 ruffin?

196 3176 463 3244 clarevallensis
488 3179 698 3255 Bernardus,
721 3178 886 3260 religione
909 3185 943 3242 et
961 3179 1144 3242 sanctitate

196 3279 354 3360 insignia,
375 3277 527 3341 fundatis
550 3277 679 3342 ordinis
702 3278 757 3340 sni
784 3269 938 3343 ⁷centum
961 3279 1292 3381 sexagintapnemn

196 3378 427 3455 monasteriis,
451 3371 570 3442 ⁸beato
586 3377 814 3460 finequievit,
843 3377 991 3460 plurima
1012 3378 1145 3459 sapien·
1172 3353 1210 3382 Μ’

194 3478 261 3548 tiae.
282 3497 353 3542 suae
381 3477 425 3540 ad
453 3478 638 3542 utilitatem
666 3477 810 3542 aliorum
843 3483 1063 3540 monumenta
1092 3495 1145 3540 re·

193 3577 367 3659 linquens.

234 3759 241 3790 ¹
260 3763 268 3790 ⁴
279 3767 413 3824 agerentur
420 3758 435 3824 3’
447 3757 515 3814 ΠΛ.
719 3759 730 3792 ⁷
750 3764 757 3791 ‘
769 3765 816 3810 14⁰
827 3756 842 3822 ;’
856 3762 894 3811 M.
906 3765 931 3810 et
941 3760 988 3812 Ar.

234 3830 245 3859 ¹
259 3833 395 3893 ‘operatus
403 3828 417 3894 ;’
430 3829 499 3883 D’A.
766 3885 768 3888 ,

234 3899 245 3930 ³
261 3902 380 3964 ‘segnius
390 3899 406 3962 ;'
418 3904 457 3952 M.
723 3898 822 3962 ⁸‘post
842 3899 953 3961 plurima
970 3899 1147 3950 miraculorum

234 3970 245 4002 ⁴
260 3972 396 4033 ‘princeps
418 3978 526 4034 uterque
555 3976 638 4021 tamen
646 3966 661 4032 ς’
685 3970 813 4033 insignia:
823 3969 871 4019 Ar.
883 3969 978 4023 which.
988 3972 1104 4033 omitting
1114 3971 1149 4020 all

196 4043 238 4092 M.
249 4045 274 4090 et
285 4040 332 4091 Ar.
686 4039 750 4100 after
758 4043 766 4065 ⁴
775 4039 889 4101 quievit,’
896 4039 942 4088 has
949 4040 1150 4102 instead,‘Hen·

233 4111 382 4173 ⁵Wanting
394 4111 421 4159 in
432 4106 500 4161 D’A.
687 4110 739 4159 rico
762 4109 827 4159 duce
854 4111 881 4158 in
900 4109 996 4170 Anglia
1017 4112 1151 4171 existente,

191 4229 195 4236 ,
234 4179 338 4230 “cist
355 4181 485 4242 papefust
499 4186 575 4230 avant
588 4177 662 4229 nome
687 4195 732 4228 rex
755 4179 909 4228 Francorum
932 4179 1085 4240 Ludovycns
1102 4181 1152 4228 Ve-

197 4251 311 4312 Conrad,
327 4265 436 4312 evesque
453 4251 571 4300 Sabineis
582 4249 614 4298 nd
630 4249 663 4298 de
687 4264 804 4298 renonem
816 4253 925 4298 castrum
937 4249 1099 4298 Normannia
1110 4264 1152 4298 oc·

198 4324 280 4372 Rome
289 4317 303 4382 ;’
322 4322 364 4372 Fr.
374 4321 465 4371 Trans.
690 4314 810 4381 caperit?
