3180 5026
584 507 763 556 Annaeus.

208 695 236 729 D.
249 694 274 728 ri.
286 693 306 728 J.
317 692 342 726 0·
437 690 460 725 Ρ.
474 689 637 725 sentuosum
650 691 674 726 lt.
789 693 941 728 FRANGOBUM
982 693 1121 729 suetonum

228 779 327 815 nexui.
373 775 563 815 insectaturi.
593 776 746 813 conuentu.
779 777 893 814 wnovtcl
905 779 952 816 m.
987 779 1110 816 snmus!

853 839 878 884 5.
1041 840 1066 886 t.

240 988 328 1053 Rnx
344 988 574 1064 Srnrnsuus,
594 988 686 1071 apud
706 989 900 1055 Wiltonam
919 993 1144 1058 munitionem

183 1096 406 1164 construens,
421 1089 604 1169 repentina
620 1088 771 1152 bostium
791 1090 981 1173 irruptione
1003 1090 1144 1172 fugatus

186 1195 256 1265 est,
282 1187 439 1270 plurimis
461 1205 601 1251 suorum
623 1187 770 1252 amissis.
798 1187 933 1272 Captus
949 1199 1002 1254 est
1018 1191 1144 1254 ibidem

189 1287 284 1369 regis
301 1286 433 1369 dapifer
455 1285 650 1350 Willelmus
673 1299 903 1369 cognomento
931 1282 1146 1364 ¹Marcellus,

191 1387 251 1469 qui
270 1406 334 1468 pro
353 1385 585 1467 redemptione
607 1387 760 1468 corporis
779 1387 834 1450 sni
855 1387 1146 1451 Schireburnense

190 1485 374 1550 castellum
402 1485 516 1547 nobile
537 1484 740 1566 resignavit.
793 1485 925 1550 Eodem
950 1504 1054 1563 anno,
1077 1485 1144 1550 lor·

191 1591 278 1648 tuna
295 1583 508 1665 retrograda,
523 1602 586 1646 rex
600 1584 853 1666 imperatricem
870 1585 907 1649 in
928 1585 1069 1649 Oxonia
1086 1605 1148 1666 per

194 1701 334 1747 menses
357 1683 491 1764 aliquot
513 1681 691 1748 obsidione
712 1683 892 1748 conclusit.
945 1683 1045 1762 Quae,
1070 1684 1144 1747 diu·
1160 1699 1250 1740 nens·

193 1783 277 1846 tinae
298 1782 486 1846 obsidionis
505 1775 683 1862 'angustia
701 1782 894 1864 impatiens,
914 1801 960 1847 ex
982 1783 1146 1866 temporis
1159 1761 1244 1850 lffilf'
1257 1749 1284 1797 Μ

191 1881 363 1965 qualitate
381 1881 596 1945 occasionem
619 1881 713 1963 iugae
734 1889 849 1960 nacta,
869 1883 982 1948 noctis
1004 1891 1039 1947 et
1058 1883 1147 1947 nivis

193 1980 373 2056 beneficio,
404 1981 441 2043 in
470 1987 566 2044 veste
603 1981 683 2044 alba
722 1975 965 2046 ³Thamensem
1004 1982 1146 2046 fluvium

193 2099 316 2145 crassa
341 2078 452 2160 glacie
473 2079 611 2143 transiit
631 2086 896 2162 superstratum,
917 2082 1036 2163 sieque
1058 2081 1148 2163 peri·

193 2179 310 2245 culum
326 2178 477 2243 eradens
490 2179 526 2242 in
541 2178 620 2243 loca
633 2197 672 2242 se
687 2179 865 2245 transtulit
880 2181 1020 2245 tutiora.
1053 2178 1147 2257 Rex,

195 2278 324 2362 oppido
338 2285 453 2360 capto,
464 2295 695 2361 successuque
703 2278 818 2343 iactus
829 2279 982 2356 hilarior,
995 2277 1147 2361 priorum

195 2379 292 2442 visus
309 2385 363 2442 est
377 2384 561 2441 eventuum
575 2377 771 2459 aliqualiter
784 2378 933 2442 dedecus
954 2377 1147 2442 detersisse.
1228 2452 1235 2459 ,

257 2475 665 2559 Constantinopolitanns
684 2477 872 2560 imperator
890 2476 1070 2551 Emanuel,
1085 2477 1157 2540 ob·'

197 2592 294 2639 sessa
311 2575 511 2657 aliquandiu
528 2572 727 2654 Antiochia,
744 2595 829 2658 pace
846 2575 1032 2640 saetacum
1052 2576 1146 2656 prin·

194 2675 286 2756 cipe,
318 2675 494 2738 civitatem
525 2674 680 2739 intravit.
733 2675 857 2739 Multis
882 2674 1004 2739 deinde
1036 2674 1148 2757 captis

197 2773 380 2856 praesidiis,
414 2772 498 2836 dum
525 2774 704 2838 venationi
735 2775 922 2851 insisteret,
962 2793 1148 2856 arcumque

197 2873 419 2937 vehementer
430 2870 598 2949 tenderet,
620 2891 642 2936 a
664 2875 849 2955 semetipso
874 2874 1005 2955 sagitta
1026 2873 1146 2938 vulne·

197 2979 297 3036 ratus
322 2973 479 3036 toxicata
499 2972 536 3035 in
558 2991 661 3035 manu
684 2973 837 3050 sinistra,
857 2971 1067 3055 defungitur,
1094 2991 1145 3036 re·

196 3073 282 3136 licto
298 3071 369 3138 lilio
386 3071 556 3135 Emanuel
573 3089 781 3135 successore.

249 3171 432 3235 Dissensio
454 3171 545 3234 inter
569 3188 695 3253 papam
725 3189 909 3253 regemque
935 3171 1148 3234 Francorum

198 3278 323 3334 exorta
350 3276 416 3347 est,
444 3271 526 3352 quia
553 3270 724 3351 quendam
751 3268 894 3334 Petrum
916 3271 1054 3334 nomine
1076 3269 1149 3332 sine

198 3388 342 3433 assensu
357 3369 454 3450 regio
473 3368 724 3434 Bituricensem
743 3369 1036 3452 archiepiscopum
1057 3367 1149 3431 ordia

198 3469 308 3546 navit,
324 3488 426 3551 quem
444 3468 559 3532 sedem
577 3487 676 3531 suam
701 3468 881 3533 meantem
905 3487 966 3531 rex
990 3465 1148 3530 exclusit.

200 3566 378 3650 Receptus
401 3575 518 3632 tamen
539 3574 594 3632 est
615 3587 637 3631 a
660 3568 785 3632 comite
808 3566 1009 3648 Campaniae
1035 3563 1150 3628 Theo·

198 3666 324 3746 bald03
346 3667 600 3750 propterquod
625 3687 687 3730 rex
708 3667 826 3732 comiti
850 3665 1014 3742 offensus,
1037 3665 1150 3748 ipsum

198 3767 386 3850 plurimum
402 3766 620 3832 molestabat.

235 4007 244 4038 ¹
255 4003 425 4070 ‘Martellns,’
434 4003 467 4058 Π
467 4007 534 4058 ain
542 4009 666 4072 margine,
725 4003 911 4070 ’‘angustiae3'
934 4001 1018 4055 M:
1048 4003 1153 4054 onntted

197 4080 248 4129 and
260 4079 330 4128 baa
342 4078 390 4128 Ar.
687 4079 714 4126 in
726 4077 765 4128 M.

723 4141 934 4206 ⁸‘Tbamesem3'
955 4141 1022 4196 ns.
