3170 5020
429 492 497 556 346
785 507 856 554 mc.
874 505 1022 552 unrvnm

432 674 507 741 trec,
523 663 661 729 nomine
680 670 800 728 nostro
815 682 857 726 ac
872 662 1010 727 nomine
1026 663 1211 727 eorundem
1229 664 1381 728 omnium

431 771 467 828 et
485 765 700 846 singulorum
718 763 817 828 vobis
838 762 1012 827 reddimus
1030 783 1092 846 per
1113 757 1339 845 praesentes.'¹

482 863 563 928 Rex
579 863 699 927 andita
715 862 779 926 hac
802 862 918 928 littera
940 863 1208 944 resignationem
1230 862 1381 946 homagii

431 964 486 1027 sui
502 964 653 1040 admisit,
673 971 709 1028 et
729 963 936 1027 cancellario
953 983 1017 1027 suo
1037 965 1203 1046 praecepit
1224 963 1312 1028 banc
1325 964 1383 1029 lit·

433 1070 542 1127 teram
573 1064 765 1145 registrari,
796 1062 841 1126 ad
875 1070 1077 1147 perpetuam
1105 1063 1304 1128 memoriam
1333 1065 1383 1127 rei

269 1181 384 1222 rassae
432 1169 552 1244 gestae.
605 1161 758 1227 Comites
775 1162 901 1226 Scotiae
924 1164 1084 1245 superius
1102 1164 1281 1241 nominati,
1303 1183 1381 1227 cum

270 1233 349 1271 invade

271 1282 382 1372 :negem
432 1281 549 1327 eorum
574 1263 749 1340 comitiva,
773 1261 865 1344 opud
889 1270 1041 1326 castrum
1067 1262 1110 1325 dc
1130 1256 1381 1329 ²Gedewortbe

269 1382 384 1431 thermu
432 1363 630 1439 coadunati,
646 1361 792 1445 profecti
804 1370 886 1426 sunt
899 1361 935 1425 in
947 1361 1129 1443 Angliam3
1153 1371 1189 1426 et
1202 1370 1381 1428 vastantes

269 1431 410 1528 mu
432 1464 547 1526 omnia
580 1462 673 1526 caede
701 1468 737 1527 et
767 1461 938 1539 incendio,
960 1456 1088 1544 ³usque
1113 1461 1158 1526 ad
1191 1463 1379 1544 prioratum

269 1533 399 1572 ‘mum'
433 1561 790 1644 Haugustuldeusem,
808 1570 843 1626 et
859 1560 895 1624 in
906 1561 1036 1638 eodem,
1052 1561 1264 1644 fugientibus
1278 1582 1382 1626 cano-

433 1662 531 1738 nicis,
553 1681 590 1726 se
613 1668 738 1745 quarto
760 1662 838 1725 idus
855 1659 988 1752 Aprilis
1010 1668 1223 1744 receperunt.
1274 1662 1381 1726 Mane

433 1780 515 1826 vero
546 1761 651 1839 facto,
679 1762 868 1843 prioratum
898 1779 977 1824 cum
1004 1768 1080 1825 tota
1109 1760 1193 1825 vilia
1221 1762 1379 1826 incendio

433 1860 645 1925 destruxere.
698 1859 881 1942 Progressi
908 1861 989 1925 inde
1017 1860 1062 1924 ad
1084 1861 1223 1924 domum
1252 1863 1381 1926 monia·

433 1961 516 2023 lium
534 1959 576 2023 de
594 1959 773 2044 Lameley,
789 1953 1035 2043 *domibusque
1056 1961 1261 2044 quibusdam
1282 1961 1381 2026 salva

433 2059 579 2124 ecclesia
598 2059 758 2138 incensis,
780 2079 858 2123 cum
877 2061 1011 2142 ingenti
1031 2060 1150 2143 praeda
1172 2061 1207 2123 in
1229 2061 1380 2125 Scotiam

433 2167 665 2224 revertuntur.
717 2159 904 2237 Patricius,
932 2179 1047 2225 comes
1074 2159 1117 2223 de
1144 2159 1302 2238 Duubar,
1335 2160 1380 2224 ad

433 2279 548 2342 regem
572 2259 714 2341 Angliac
736 2261 889 2337 veniens,
915 2279 952 2323 se
974 2259 1085 2323 eidem
1107 2279 1186 2324 cum
1212 2267 1288 2325 tota
1318 2279 1380 2325 sua

271 2380 422 2430 marram
435 2360 586 2425 subdidit
601 2366 787 2442 potestate.
840 2358 1002 2424 Castrum
1022 2359 1066 2423 de
1080 2360 1227 2423 Duubar
1243 2361 1279 2423 in
1293 2359 1382 2424 festo

272 2432 367 2471 Dum
435 2459 471 2523 S.
505 2459 687 2524 Michaelis
720 2460 899 2523 obsessum
933 2478 955 2522 a
989 2459 1115 2536 ScotiS,
1145 2458 1265 2523 fraude
1295 2479 1381 2543 quo·

434 2560 589 2624 rumdam
606 2560 643 2623 in
661 2579 702 2624 eo
722 2560 943 2623 existentium
961 2559 1132 2623 redditum
1154 2566 1208 2623 est
1231 2559 1379 2624 eisdem:

434 2678 497 2742 pro
523 2679 594 2742 quo
620 2658 856 2742 recuperando
882 2659 976 2722 misit
1005 2679 1068 2722 rex
1099 2657 1271 2723 Joannem
1298 2660 1381 2724 Sur·

434 2761 515 2823 reiae
537 2767 573 2823 et
594 2757 808 2823 Willelmum
827 2757 1015 2823 Warewici
1037 2758 1191 2835 comites,
1218 2777 1296 2822 cum
1318 2761 1383 2822 mi·

272 2878 377 2919 saum
434 2858 511 2922 litia
532 2877 660 2939 magna
684 2859 797 2923 valde.
863 2856 1000 2936 Quibus
1023 2857 1268 2940 superveniens
1298 2859 1382 2923 Sco·

273 2929 362 2968 Duubar

272 2980 420 3018 distamusto
437 2965 548 3022 torum
583 2959 767 3034 exercitus,
799 2965 839 3021 ut
874 2959 1025 3022 obsessis
1060 2957 1165 3021 ferret
1200 2958 1382 3035 auxilium,

272 3029 384 3128 ”¹⁸⁸⁰⁰‚‘⁸'
435 3057 608 3139 excipitur
633 3076 750 3139 pugna
776 3057 876 3122 dura:
904 3053 1131 3139 ⁵fugientibus
1149 3057 1287 3121 tandem
1302 3059 1382 3122 Sco

436 3158 480 3221 tis
508 3157 738 3240 insequuntur
763 3155 904 3239 Anglici
927 3178 989 3240 per
1010 3164 1090 3222 octo
1113 3157 1274 3220 milliaria
1300 3157 1383 3235 fere,

435 3257 607 3339 usquead
627 3257 787 3322 forestam
807 3256 849 3321 de
864 3250 1048 3334 ⁶Selelark,
1070 3263 1222 3338 stragem
1243 3258 1383 3321 nimiam

434 3358 651 3439 ingerentes3
675 3358 726 3421 ita
753 3365 793 3421 ut
819 3375 987 3421 caesorum
1010 3376 1171 3420 numerus
1198 3355 1242 3420 ad
1266 3356 1382 3421 decem
1471 3435 1476 3442 .

434 3457 543 3521 millia
582 3456 758 3522 bominum
796 3456 900 3521 fuerit
939 3457 1142 3521 aestimatus.
1231 3456 1384 3521 Sabbata

470 3670 478 3703 ¹
495 3674 549 3721 ‘Et
556 3673 605 3722 fuit
614 3674 663 3722 ista
671 3674 747 3723 litera
754 3674 808 3723 sine
815 3673 877 3722 data
884 3668 899 3733 ;’
923 3686 989 3733 mus,
1005 3676 1031 3720 et
1046 3670 1173 3733 quondam
1189 3671 1267 3719 totius
1284 3669 1386 3732 scotia,

435 3744 512 3793 Hem.
542 3747 594 3805 93„
622 3743 674 3792 and
702 3744 843 3806 Knighton,
871 3748 900 3792 ut
924 3742 1064 3791 beatissimi
1078 3741 1176 3790 scilicet
1185 3740 1297 3788 Andreae
1314 3754 1388 3801 apos·

387 3809 389 3812 ’
434 3829 522 3876 supra.
923 3814 978 3870 toli,
986 3812 1059 3873 parvi
1070 3810 1209 3872 pendentes
1220 3811 1302 3870 illum,
1310 3825 1385 3870 quem

469 3876 716 3941 '‘Redewortb03'
746 3882 804 3930 Cod.
834 3881 899 3944 Reg.
923 3887 1058 3942 patronum
1076 3881 1149 3943 regni
1166 3879 1258 3928 Scotiae
1276 3880 1386 3940 antiqui-

435 3951 578 4003 sedworth.
922 3955 965 4000 tus
988 3952 1117 4001 nominare
1140 3944 1280 4010 solebant;’
1307 3949 1386 3999 Hem.

469 4021 595 4083 ⁸‘usque
622 4021 655 4070 ad
681 4020 818 4081 prioratum
841 4034 898 4068 cum
923 4025 963 4070 94.

434 4095 487 4142 tota
498 4093 560 4141 villa
571 4091 751 4140 destruxerunt
759 4085 773 4150 3’
784 4091 833 4138 Ar.
841 4093 899 4140 220.
958 4090 968 4119 ⁴
984 4091 1118 4140 ‘domibus
1140 4087 1293 4152 quibusdam
1304 4084 1325 4149 3’
1348 4089 1385 4138 Μ.

434 4165 442 4190 ‘
453 4161 536 4211 Obliti
548 4175 656 4221 namque
669 4164 727 4208 sunt
738 4158 842 4224 (Secti),
853 4159 899 4207 im·
923 4164 947 4209 et
957 4159 1005 4210 Ar.

435 4246 476 4280 mo
510 4233 723 4292 contempserunt,
755 4229 898 4278 memoriam
959 4229 1181 4292 “effugientibus
1191 4224 1205 4289 ς’
1217 4228 1256 4277 Μ.
1268 4231 1292 4276 et
1302 4226 1349 4275 Ar.

437 4300 570 4350 reverendi
598 4300 696 4362 patroni
719 4299 831 4361 ejusdem
855 4300 900 4348 do·
958 4297 1002 4349 6i.
1015 4299 1162 4350 eselkirk.
