3252 5026
605 501 788 549 ANNALES.
1115 487 1179 550 201

225 657 525 722 exheredationem
562 659 756 739 sanguinis,
799 658 962 723 decuerat
995 660 1179 725 studuisse.

227 758 401 822 Feruntur
418 759 522 821 etiam
540 759 706 839 captivati
724 758 977 840 quinquaginta
996 760 1065 824 dno
1091 760 1180 824 mili·
1195 782 1328 842 rossanus

227 866 279 922 tes
297 859 339 920 de
357 858 582 940 complicibus
607 857 784 935 Lodovici,
808 859 851 922 de
874 879 1020 941 quorum
1039 880 1181 926 numero
1195 833 1343 872 mmmm*

228 965 303 1021 erat
320 956 499 1021 Gilbertus
516 950 570 1020 ¹de
588 957 703 1036 Clare,
719 958 773 1021 vir
788 959 952 1041 inclytus,
969 979 1072 1042 quem
1090 962 1181 1043 oepit

229 1056 425 1120 Willelmus
440 1056 649 1133 Marescalli
668 1067 703 1122 et
719 1056 942 1123 Gloverniam
962 1059 1083 1124 deduci
1100 1060 1182 1125 fecit

229 1157 395 1220 custodiae
411 1153 696 1239 mancipandum3
718 1159 774 1222 cni
789 1167 922 1240 postea,
934 1160 1064 1223 sedatis
1078 1162 1181 1225 rebus

231 1275 383 1338 paceque
399 1255 593 1334 reflorente,
611 1256 796 1321 isabellam
814 1258 921 1321 filiam
944 1277 1041 1322 snam
1065 1262 1180 1324 matri-

229 1357 343 1419 monio
363 1356 550 1437 copulavit.
587 1357 722 1441 'Lapsis
745 1365 824 1439 post
846 1357 910 1422 hoc
931 1359 1088 1440 praelium
1113 1359 1181 1424 die

228 1456 292 1518 bus
313 1456 445 1537 paucis
468 1475 579 1520 caesus
601 1464 654 1521 est
676 1458 719 1520 ab
745 1456 899 1538 Anglicis
924 1459 1057 1522 navalis
1083 1479 1181 1522 exer-

228 1556 318 1618 citus
336 1554 512 1620 Lodovici.
559 1556 654 1620 Huic
677 1564 824 1638 praeerat
841 1557 1048 1622 Eustachius
1069 1578 1176 1640 quon·

228 1655 308 1718 dam
330 1662 369 1718 ut
382 1655 490 1720 fertur
506 1656 707 1733 monachus
731 1657 790 1739 qui
813 1665 852 1720 ut
873 1657 1017 1721 decebat
1039 1666 1178 1739 aposta·

230 1762 313 1832 tam,
328 1773 425 1817 suam
442 1755 626 1819 ostendens
643 1757 924 1834 inconstantiam,
940 1777 1033 1840 saepe
1051 1757 1093 1820 de
1110 1779 1179 1823 uno

229 1875 309 1936 rege
334 1855 469 1919 transiit
488 1855 531 1918 ad
555 1857 670 1934 alium,
697 1863 731 1920 et
760 1865 922 1939 tanquam
946 1858 988 1920 de
1011 1859 1178 1922 monacho

229 1954 341 2018 factus
364 1955 606 2032 daemoniacus
628 1955 707 2020 dolo
729 1964 764 2020 et
786 1956 928 2038 perfidia
949 1957 1071 2038 plenus
1089 1957 1176 2037 fuit3

228 2054 328 2137 cujus
351 2061 454 2137 caput
475 2055 677 2133 abscissum,
700 2056 851 2121 delatum
877 2063 930 2120 est
957 2077 1018 2138 per
1042 2057 1178 2122 diversa

228 2154 305 2219 loca
319 2155 457 2236 Angliae
473 2175 577 2238 super
592 2155 721 2244 palum.

279 2254 473 2318 Lodovicus
497 2254 686 2320 Londoniae
713 2263 883 2339 receptus,
912 2263 1005 2320 terra
1024 2259 1178 2339 marique
1192 2281 1316 2320 neareon-

228 2354 292 2417 sibi
317 2355 529 2436 comperiens
555 2340 759 2419 detrimenta
779 2357 911 2437 augeri,
929 2356 1178 2439 adversamque
1190 2331 1340 2442 11130111ζῆ1,

228 2462 361 2535 partem
378 2453 420 2517 de
436 2454 491 2517 die
511 2455 547 2518 in
562 2456 651 2519 diem
670 2457 835 2532 roborari,
858 2475 977 2537 pacem
1000 2457 1101 2538 petiit
1119 2477 1177 2520 ue·
1190 2431 1313 2470 ‘mm'

227 2554 398 2617 cessitatis
413 2555 560 2618 articulo
576 2555 813 2638 compellente.
849 2554 1059 2619 Convocatis
1073 2557 1180 2639 igitur

229 2655 270 2718 ad
292 2656 510 2736 praesentiam
526 2655 654 2718 domini
670 2654 853 2732 Gualonis,
872 2656 1179 2737 apostolicaesedis

230 2753 347 2834 legati,
371 2754 525 2836 praelatis
548 2762 583 2818 et
598 2756 796 2837 proceribus
813 2754 959 2836 Angliae,
977 2757 1013 2818 in
1029 2757 1178 2838 quadam

228 2854 343 2916 insula
366 2853 471 2936 juxta
496 2855 612 2918 villam
645 2855 687 2919 de
709 2855 940 2936 Kingestone‚
968 2875 1030 2938 per
1053 2857 1179 2920 media·

231 2954 357 3016 tionem
379 2973 495 3017 eornm
520 2974 589 3037 pax
610 2962 645 3019 et
664 2955 847 3020 concordia
864 2956 898 3017 in
918 2955 1092 3037 integrum
1107 2949 1178 3021 ²re·

228 3052 427 3117 formantur.
481 3053 674 3132 Lodovic'us
693 3056 782 3118 enim
799 3056 954 3137 praestito
969 3054 1177 3138 juramento,

229 3153 320 3234 quod
343 3153 516 3216 mandatis
536 3162 672 3236 pareret
689 3155 855 3230 ecclesiae,
879 3174 900 3218 a
923 3156 1094 3219 sententia
1116 3176 1178 3220 ex·

229 3253 547 3317 communicationis
570 3255 771 3318 absolvitur.
823 3252 949 3336 Sicque
977 3256 1177 3338 renuntians

229 3372 335 3433 regno
349 3351 487 3434 Angliae
499 3354 723 3437 praestitoque
734 3353 944 3437 juramento,
962 3353 1065 3434 quod,
1076 3355 1178 3436 adep

229 3459 264 3514 to
278 3472 384 3533 reguo
399 3459 556 3535 paterno,
568 3454 684 3518 omnia
701 3473 762 3536 per
777 3452 908 3536 pa'trem
923 3471 1022 3515 suum
1038 3454 1177 3534 regibus

229 3549 366 3633 Angliae
384 3551 513 3636 injuste
536 3553 653 3617 ablata
675 3554 884 3629 restitueret,
907 3553 994 3616 liber
1010 3571 1089 3615 cum
1106 3554 1177 3618 suis

225 3653 383 3715 omnibus
399 3646 590 3716 remeavit.³

276 3750 455 3815 Honorius
475 3771 566 3835 papa
587 3751 742 3828 Petrum,
760 3749 1099 3815 Autissiodorensem
1119 3770 1174 3815 co·
1190 3770 1263 3810 una

226 3851 355 3926 mitem,
398 3852 433 3914 in
470 3852 711 3933 imperatorem
753 3850 1176 3934 Constantinopolitanum
1190 3825 1271 3860 ‘vem'

226 3951 405 4015 coronavit
428 3951 464 4014 in
487 3952 632 4015 ecclesia
660 3950 695 4014 S.
715 3949 892 4014 Laurentii
922 3959 1024 4014 extra
1049 3970 1175 4014 muros,

263 4161 269 4190 ¹
286 4160 335 4208 ‘de
347 4159 424 4209 Claro
432 4161 448 4220 ;’
460 4161 499 4210 M.
507 4165 531 4209 et
542 4160 590 4210 Ar.
715 4161 800 4209 which
822 4161 901 4211 Louis
920 4177 974 4212 was
995 4161 1135 4223 compelled
1154 4166 1179 4210 to

261 4226 478 4292 ²‘reformatum’
496 4231 571 4280 MSS.
716 4235 814 4293 accept,
836 4246 878 4281 see
902 4233 967 4294 Rog.
984 4232 1074 4282 Wend.
1094 4233 1128 4280 iv.
1148 4235 1178 4280 al

172 4322 177 4332 .
261 4296 271 4326 ³
289 4300 338 4348 For
360 4299 402 4349 the
422 4301 591 4362 ignominiane
612 4304 689 4350 terms
716 4305 805 4362 etseq.
