3226 5020
807 491 881 538 mo.
898 490 1046 538 valvam

293 971 368 1011 nna
508 951 707 1016 Cou1r1ssr
726 951 936 1028 Leicestriee‚
959 971 1038 1034 quae
1059 952 1184 1016 marito
1200 952 1315 1016 occiso
1329 971 1408 1016 cum

293 1025 374 1062 ‘'⁹¹¹²''
456 1052 529 1116 suis
550 1052 587 1114 in
604 1051 755 1116 Galliam
777 1051 926 1134 fugerat,
949 1058 985 1114 et
1004 1051 1048 1114 in·
1063 1051 1165 1115 domo
1187 1071 1343 1115 sororum
1367 1051 1410 1116 de

456 1152 576 1219 ordine
600 1151 871 1217 Praedicatomm
893 1151 985 1234 apud
1003 1143 1218 1232 ¹Montargis
1243 1171 1266 1215 a
1290 1169 1408 1216 sorore

456 1252 522 1316 viri
545 1251 599 1316 sui
625 1251 771 1315 fundata
796 1252 1008 1329 morabatur,
1035 1251 1140 1314 filiam
1171 1269 1269 1314 snam
1294 1257 1408 1314 trans-

456 1351 549 1415 misit
581 1350 617 1414 in
644 1351 809 1417 Walliam
840 1351 998 1434 principi,
1031 1352 1121 1414 sicut
1150 1358 1249 1432 patre
1282 1350 1407 1432 puellae

454 1444 632 1532 ²[vivente.
660 1452 725 1514 sub
757 1451 860 1515 certis
890 1450 1001 1533 pactis
1038 1457 1247 1520 conventum
1282 1449 1407 1528 fuerat,

455 1549 694 1615 maritandam.
747 1549 880 1614 Ducem
906 1569 990 1614 vero
1019 1549 1153 1614 itineris
1181 1569 1222 1612 ac
1244 1569 1406 1632 procura·

456 1658 566 1714 torem
580 1650 710 1732 negotii
724 1649 945 1734 Aymericum
959 1649 1067 1713 filium
1079 1669 1193 1726 sunm,
1206 1669 1406 1730 germanum

456 1749 610 1832 puellae,]
641 1750 834 1826 coustituit,
868 1749 1048 1830 assignata
1082 1749 1211 1813 eisdem
1244 1750 1408 1813 comitiva

455 1848 623 1926 honesta;
650 1849 710 1930 qui
737 1857 935 1931 suspectum
962 1849 1128 1912 habentes
1156 1850 1223 1912 iter
1244 1869 1306 1931 per
1331 1848 1405 1913 An·

457 1948 575 2028 gliam,
592 1967 614 2011 a
627 1947 744 2013 littore
760 1948 898 2012 Gallico
911 1949 1128 2030 navigantes,
1145 1967 1284 2012 emenso
1299 1948 1409 2013 multo

456 2047 562 2112 maris
590 2048 704 2129 spatio
732 2048 775 2110 ad
799 2048 932 2112 insulas
961 2048 1113 2125 Sillinas,
1142 2067 1221 2129 quae
1246 2049 1410 2112 terminos

458 2146 642 2211 Cornubiae
660 2167 678 2211 e
693 2147 806 2212 vicino
827 2148 1029 2229 respiciunt,
1048 2147 1265 2211 devehuntur
1280 2167 1289 2226 ;
1313 2149 1372 2211 ubi
1388 2167 1409 2211 a

457 2245 607 2330 quatuor
638 2247 785 2310 navibus
823 2247 1108 2311 Bristollensibus
1148 2267 1193 2310 ex
1231 2247 1407 2329 insperato

456 2347 779 2430 supervenientibus
818 2346 1064 2429 comprehensi,
1105 2346 1149 2410 ad
1182 2347 1408 2428 praesentiam

455 2447 548 2527 regis
577 2446 717 2529 Angliee
746 2446 983 2511 deducuntur:
1021 2447 1092 2528 qni,
1123 2452 1258 2510 retenta
1292 2446 1409 2528 pnella

455 2544 642 2610 honorifice
668 2547 704 2609 in
734 2546 897 2610 comitiva
922 2545 1064 2627 reginae,
1089 2543 1312 2628 Aymericum
1338 2546 1408 2609 fra·

455 2651 542 2708 trem
560 2665 660 2709 sunm
677 2646 787 2728 primo
809 2645 846 2708 in
861 2652 976 2708 castro
998 2645 1041 2708 de
1058 2644 1150 2720 Cori,
1172 2651 1207 2707 et
1228 2651 1351 2726 postea
1371 2645 1408 2708 in

455 2751 571 2815 castro
593 2745 636 2808 de
656 2745 918 2821 Schirebourne,
943 2744 1008 2807 sub
1033 2743 1191 2809 custodia
1216 2744 1324 2807 libera
1348 2745 1408 2810 de·

294 2870 398 2911 nelina
456 2843 572 2920 tinuit,
597 2844 657 2907 sed
686 2863 819 2907 secura.
871 2843 1062 2924 Gregorius
1089 2862 1182 2926 papa
1204 2843 1296 2925 apud
1320 2843 1408 2908 Aro-

292 2932 430 3020 lilim..
455 2942 543 3004 tium
563 2941 756 3020 defunctae,
774 2943 900 3007 ibidem
918 2943 1067 3008 traditur
1092 2942 1303 3025 sepulturae:
1331 2963 1409 3008 suc-

292 3023 434 3111 llloll‘ltv.
456 3040 547 3104 cedit
562 3041 787 3106 Innocentius
805 3043 958 3125 quintus,
981 3043 1121 3107 natione
1136 3042 1348 3124 Burgundus
1365 3044 1408 3108 de

294 3123 401 3162 'mm
455 3139 674 3219 Tarentasia,
691 3142 803 3207 dictus
825 3150 930 3207 antea
950 3142 1059 3206 frater
1081 3140 1207 3207 Petrus
1231 3142 1405 3208 inordina

456 3239 740 3320 Praedicatorum,
767 3243 882 3308 studio
911 3243 1160 3325 scripturarum
1190 3242 1340 3320 deditus,
1366 3263 1407 3306 ac

454 3340 575 3409 doctor
600 3342 783 3422 theologia
811 3341 956 3406 Parisiis
978 3341 1104 3418 factus,
1127 3342 1305 3425 sapientiae
1334 3362 1407 3406 suae

454 3441 666 3518 memoriam,
695 3441 805 3505 multa
831 3442 1012 3506 scribendo
1038 3440 1148 3518 utilia,
1176 3440 1324 3523 posteris
1350 3442 1408 3506 de-

453 3539 604 3622 reliquit.
661 3540 833 3623 Scriptum
868 3542 958 3604 enim
993 3541 1272 3623 compendiosum
1306 3561 1409 3625 super

453 3631 559 3703 libros
578 3647 728 3722 quatuor
744 3641 1001 3705 Sententiarum
1019 3640 1136 3717 edidit,
1153 3648 1187 3704 et
1203 3659 1307 3723 super
1325 3641 1407 3723 Epi·

453 3738 562 3802 stolas
581 3738 684 3802 Pauli
700 3740 859 3822 pastillas
876 3740 1036 3823 optimae,
1053 3738 1272 3822 Decretaque
1290 3741 1409 3804 abbre-

454 3839 605 3916 viatione
626 3839 766 3921 perutili
795 3847 831 3904 et
848 3839 940 3904 fideli
964 3840 999 3902 in
1030 3858 1199 3902 summam
1225 3839 1407 3922 parvulam

454 3931 656 4002 ⁸coartavit.
700 3937 771 4016 Qui
789 3958 864 4002 cum
883 3947 977 4003 esset
994 3940 1047 4003 vir
1063 3938 1240 4019 religionis
1257 3939 1406 4016 eximiae,

487 4161 726 4228 ¹‘Mauntargis;'
751 4167 809 4214 Cod.
834 4166 915 4228 Reg.:
976 4161 1047 4212 ”All
1056 4164 1146 4212 within
1157 4165 1275 4214 brackets
1287 4181 1329 4215 are
1339 4181 1408 4216 care·

450 4227 629 4295 ‘Mountergis
638 4235 656 4295 ς’
667 4236 705 4282 Μ.
941 4234 1020 4296 lessly
1030 4234 1134 4283 omitted
1146 4235 1172 4282 in
1183 4234 1230 4284 Ar.

976 4302 987 4334 ⁸
1003 4305 1146 4366 ‘coaptavit
1155 4300 1170 4364 ς’
1182 4304 1230 4355 Ar.
1242 4310 1300 4356 22⁰.
