3252 5026
652 457 830 508 ANNAhus.
847 505 849 511 ,
1151 447 1216 512 167

259 615 397 693 bellam,
412 615 548 680 comitis
564 615 836 697 Engolismensis
854 618 959 682 filiam
983 626 1018 684 et
1034 618 1214 700 heredem;

260 734 338 798 quoe
355 723 480 780 octavo
497 715 575 779 idus
593 703 754 782 Octobris
772 726 936 783 coronata
953 727 1008 783 est
1025 719 1215 785 Londoniae
1249 787 1252 792 ,

259 816 297 879 in
328 817 513 898 reginam·
562 815 667 880 Hanc
700 816 814 881 ferunt
845 819 985 901 quidam
1019 820 1215 885 vicecomiti

261 917 450 980 Toracensi
474 916 619 997 Hugoni
648 917 745 982 Brun
769 918 864 999 prius
886 920 1056 1001 nupsisse,
1084 918 1244 1002 ipsum?

261 1035 327 1099 que
345 1024 486 1100 propter
500 1036 644 1081 uxorem
661 1017 828 1082 violenter
844 1019 996 1084 ablatam
1014 1039 1035 1082 a
1047 1019 1214 1084 fidelitate

261 1117 353 1197 regis
369 1115 507 1197 Angliae
525 1111 746 1182 discessisse.l
1348 1183 1350 1188 ,

309 1208 468 1280 ²Decimo
497 1224 621 1281 octavo
653 1217 718 1282 cal.
753 1216 913 1283 Octobris
947 1218 1101 1302 ejusdem
1133 1220 1329 1283 anninearlor

260 1317 382 1404 beatus
415 1315 525 1398 Hugo
556 1316 805 1381 Lincolniensis
838 1320 1021 1402 episcopus
1051 1319 1093 1384 de
1127 1287 1362 1401 prae-llllllllor

260 1417 352 1480 senti
378 1417 453 1480 vita
471 1417 653 1499 temporali
671 1418 809 1481 transiit
831 1419 866 1481 in
889 1427 1066 1496 aeternam,
1087 1421 1146 1502 qui
1172 1420 1214 1484 de

261 1517 430 1599 imperiali
459 1516 663 1598 Burgundio
691 1517 868 1594 oriundus,
894 1539 916 1582 a
937 1519 1124 1602 juventute
1151 1539 1214 1584 sua

260 1618 351 1681 inter
371 1618 465 1681 viros
488 1616 668 1697 religiosos
692 1617 870 1696 educatus,
890 1620 1001 1700 primo
1027 1619 1140 1683 factus
1161 1628 1215 1684 cst

261 1719 448 1782 canonicus
480 1717 661 1798 regularis,
693 1717 815 1781 deinde
844 1719 1003 1801 ampliori
1031 1719 1066 1782 in
1098 1719 1213 1785 Duum

260 1818 443 1900 proficiens
465 1817 645 1889 desiderio,
672 1836 741 1900 quo
768 1819 880 1898 magis
900 1839 1038 1882 carnem
1066 1837 1162 1882 suam
1193 1839 1214 1883 a
1297 1869 1301 1878 .

261 1917 443 1981 mundanis
475 1917 690 1981 abstraheret
716 1917 988 1995 oblectamentis,
1015 1918 1214 1982 Certusium

262 2037 299 2081 se
317 2016 516 2096 transtulit3
544 2018 603 2081 ubi
622 2018 712 2081 inter
734 2019 920 2082 monachos
942 2020 1124 2082 devotione
1142 2019 1214 2083 cla-

262 2118 332 2181 ruit
347 2117 529 2199 singulari.
581 2116 691 2200 Cujus
709 2118 882 2199 religiosae
907 2119 1104 2182 sanctitatis
1121 2120 1215 2182 fama

261 2217 306 2280 ad
328 2237 429 2282 aures
453 2217 597 2281 Henrici
620 2218 712 2299 regis
728 2218 868 2281 secundi
886 2218 1162 2300 allapsaipsum
1178 2220 1214 2282 in

262 2337 413 2382 amorem
428 2317 503 2401 ejus
515 2317 735 2382 vehementer
749 2318 927 2381 accendit:
952 2319 1012 2400 qui
1025 2319 1083 2382 vix
1096 2318 1214 2381 multis

262 2417 433 2500 precihus,
454 2419 545 2482 utin
561 2417 663 2481 domo
681 2411 846 2500 ³quadam
863 2418 1016 2507 ejusdem
1033 2417 1162 2480 ordinis
1180 2419 1215 2482 in

262 2517 404 2600 Anglia,
427 2537 530 2600 quam
560 2518 648 2581 idem
674 2538 737 2600 pex
761 2519 797 2581 in
819 2517 961 2582 dioecesi
989 2517 1216 2581 Bathoniensi

263 2618 380 2682 multis
401 2618 545 2681 ditatam
569 2617 707 2699 praediis
731 2626 766 2682 et
782 2617 972 2700 privilegiis
996 2617 1215 2695 fundaverat,

264 2719 433 2782 curatoris
468 2718 665 2781 admitteret
697 2717 857 2795 officium,
887 2718 1010 2800 ,potnit
1047 2718 1215 2783 obtinere.

263 2817 376 2897 Quem
399 2818 480 2881 dum
502 2818 630 2899 saepius
653 2818 823 2894 visitaret,
840 2819 953 2881 verbis
976 2826 1011 2881 et
1029 2819 1215 2882 virtutibus

263 2919 337 3002 ejus
356 2917 559 2994 delectatus,
576 2926 722 2981 vacante
740 2917 1081 2994 sede‘Lincolniensi,
1105 2920 1216 2982 suasit

262 3019 416 3083 ecclesiae
434 3017 618 3093 canonicis,
642 3024 681 3082 ut
700 3003 846 3100 priorem
864 3018 984 3081 domus
1002 3037 1074 3080 suae
1089 3011 1216 3099 Hugo-

263 3138 341 3181 nem
371 3117 406 3180 in
434 3119 633 3201 episcopum
667 3118 845 3199 eligerent,
877 3124 911 3180 et
938 3117 1152 3199 praeficerent
1180 3119 1216 3181 in

263 3223 449 3300 pastorem.
501 3217 568 3280 Sed
592 3216 752 3281 electioni
776 3217 894 3281 favore
917 3217 1011 3297 regio
1035 3217 1216 3281 celebratae

263 3319 316 3382 vir
338 3318 408 3381 Dni
442 3337 510 3381 non
536 3317 768 3394 consentiens,
800 3309 984 3380 4decanum
1015 3324 1216 3398 ceterosque

263 3417 416 3482 ecclesiae
434 3417 593 3500 majores,
622 3417 681 3499 qui
702 3437 765 3499 pro
791 3417 867 3498 ipso
892 3423 1069 3492 venerant,
1088 3435 1216 3479 vacuos

263 3517 460 3594 dimisisset,
483 3518 512 3579 si
535 3537 604 3580 non
628 3536 705 3580 eum
728 3516 881 3580 unanimi
898 3516 1074 3598 liberaque
1093 3517 1216 3579 volun-

299 3689 413 3755 ¹⁴Quae
444 3703 537 3764 copula
567 3702 724 3762 postmodum
754 3707 807 3750 rect
818 3702 886 3752 dote.
922 3702 958 3750 St.
968 3701 1112 3762 Hughwos
1122 3701 1216 3748 bomin

264 3775 318 3836 regi
334 3777 360 3823 et
370 3787 448 3835 regno
459 3772 561 3834 Angliae
578 3787 669 3834 magno
684 3773 727 3820 de·
755 3775 828 3819 1140.
863 3771 931 3820 John
950 3770 1043 3819 visited
1060 3770 1112 3817 him
1131 3772 1158 3818 in
1177 3771 1217 3819 his

263 3846 379 3894 trimento
397 3837 470 3903 iuit3'
492 3843 557 3904 Rog.
575 3843 666 3890 Wend.
690 3844 727 3890 iii.
753 3843 803 3890 last
816 3841 913 3902 illness,
927 3841 977 3890 and
991 3840 1053 3888 with
1065 3841 1177 3888 William
1192 3841 1221 3889 of

265 3918 325 3974 1483
342 3915 391 3964 viz.
403 3915 438 3974 by
448 3927 537 3962 reason
545 3911 574 3960 os
582 3912 623 3960 the
636 3913 728 3960 double
755 3910 876 3960 Scotland
898 3911 973 3960 nided
992 3911 1018 3958 iu
1041 3912 1159 3972 carrying
1177 3911 1217 3958 his

263 3985 339 4034 crime
354 3985 380 4032 iu
395 3983 439 4032 the
454 3983 610 4044 contracting
626 3984 730 4044 parties,
755 3983 810 4030 hier
826 3985 851 4030 to
864 3981 967 4030 Lincoln
982 3980 1123 4042 cathedral‚
1132 3981 1217 4029 which

262 4055 323 4103 both
333 4054 428 4120 having
435 4054 500 4102 been
511 4053 656 4114 previously
664 4068 730 4101 mar·
757 4053 793 4100 St.
803 4051 883 4112 Hugh
895 4051 946 4101 had
956 4050 1072 4099 finished.
1241 4093 1245 4098 .

263 4125 318 4174 ried
330 4125 381 4174 and
392 4123 521 4172 divorced.
792 4119 802 4151 ³
820 4121 940 4182 Namely,
950 4121 1005 4169 that
1015 4121 1043 4169 of
1056 4121 1177 4179 Witham,
1192 4121 1218 4168 in

298 4191 309 4224 ²
319 4196 375 4245 ‘xa
382 4193 431 4242 cal.
438 4187 511 4244 Dec.'
519 4192 557 4258 (N
560 4189 659 4256 culi),
666 4193 730 4254 Rog.
757 4191 967 4251 Somersetshire3
991 4190 1121 4252 Dugdnle,
1131 4193 1150 4241 i.
1162 4194 1219 4239 959.

263 4265 354 4314 Wend.
366 4264 404 4313 iii.
418 4267 481 4324 161;
497 4262 581 4313 which
593 4264 616 4312 is
624 4263 667 4312 the
679 4277 731 4312 cor·
792 4259 802 4289 ⁴
819 4262 945 4311 ‘decanos
953 4257 969 4323 ;’
981 4262 1020 4311 M.
1032 4265 1056 4309 et
1067 4259 1114 4310 Ar.
