3226 5020
605 506 790 557 sunnone.
870 479 874 484 ’
1108 497 1172 561 241
1272 521 1275 527 ’

216 665 451 728 confessorum
465 683 480 728 :·
500 663 600 749 cujus
617 666 780 747 religiosa
798 659 965 730 sanctitas
987 666 1115 730 crebris
1136 678 1171 734 et

216 765 251 827 in
270 765 348 828 vita*
359 768 394 829 et
410 765 445 827 in
463 773 573 829 morte
590 766 764 830 miraculis
782 767 937 830 noscitur
954 761 1143 832 claruisse¹

267 865 396 928 Eodem
436 884 527 929 anno
564 866 687 930 statuit
726 885 818 948 papa
855 865 1091 944 Innocentius,
1129 877 1168 933 nt
1182 887 1256 928 uua

214 963 408 1028 cardinales
437 965 580 1046 capellis
610 965 724 1029 rubeis
755 973 943 1029 uterentur.
995 966 1168 1048 Magister
1181 942 1262 979 ‘vm'

214 1061 410 1141 Albericus,
437 1064 573 1128 domini·
594 1083 695 1147 papae
722 1067 890 1142 notarius„
915 1066 1100 1130 abeodem
1121 1069 1165 1134 ad

215 1161 403 1228 Ricardum
419 1163 559 1229 fratrem
574 1166 665 1246 regis
680 1163 821 1247 Angliae
841 1165 1001 1242 mittitur,
1020 1166 1165 1232 offerens

212 1262 244 1325 ei
274 1282 417 1346 regnum
448 1263 609 1346 Apuliae3
637 1284 706 1346 quo
730 1284 801 1329 nna
826 1284 904 1329 eum
927 1266 1070 1348 imperio
1097 1269 1164 1348 pri-

211 1372 353 1428 vaverat
372 1364 603 1428 Fredericum.
656 1364 722 1428 Sed
744 1363 896 1428 Ricardo
920 1367 1045 1429 comite
1061 1377 1164 1448 nego-

212 1463 299 1526 tium
313 1463 502 1541 differente,
517 1465 848 1546 super-venienteque
863 1465 932 1528 cito
948 1471 1028 1547 post
1041 1458 1164 1530 ²morte

212 1580 325 1644 papae,
349 1583 418 1627 non
443 1571 496 1628 est
515 1579 571 1626 res
597 1563 728 1627 sortita
743 1564 912 1629 effectum.
963 1562 1164 1630 Alexander

211 1661 391 1727 Scotorum
414 1683 476 1726 rex
497 1663 745 1744 Margaretam,
774 1663 879 1726 filiam
902 1663 994 1745 regis
1011 1662 1163 1747 Angliae,

212 1760 314 1825 duxit
350 1779 513 1842 uxorem3
547 1758 590 1826 de'
620 1777 697 1845 qua¹
723 1764 843 1844 genuit
881 1762 989 1828 filium
1025 1756 1162 1830 nomine

212 1859 461 1938 Alexandrum,
481 1863 541 1944 qui
567 1863 752 1927 immatura
777 1869 887 1927 morte
914 1871 1048 1946 patrem
1074 1885 1162 1947 prae-

212 1963 316 2026 venit.
362 1961 478 2026 Aliam
496 1961 600 2025 filiam
618 1953 771 2046 ejusdem
796 1963 900 2044 regis,
919 1964 1057 2027 nomine
1075 1965 1162 2029 Bea-

211 2061 342 2137 tricem,
363 2063 497 2144 accepit
518 2061 591 2125 dux
618 2062 809 2126 Britanniae
824 2081 843 2140 ;·
866 2062 909 2126 dc
938 2077 1015 2145 qua'
1031 2064 1162 2146 prolem

211 2163 333 2240 genuit
359 2180 588 2226 numerosam.
641 2163 724 2226 Fuit
752 2168 865 2224 autem
897 2161 963 2225 iste
992 2181 1103 2226 annus
1127 2165 1163 2226 in

211 2257 342 2342 Anglia
366 2269 464 2326 tanto
489 2261 613 2325 caloris
641 2270 677 2326 et
702 2260 868 2325 siccitatis
893 2281 1038 2325 excessu
1068 2271 1163 2326 nota-

211 2360 301 2437 bilis,
334 2367 373 2425 ut
398 2362 441 2425 ab
475 2381 516 2424 eo
545 2368 709 2442 tanquam
738 2359 865 2442 insigni
900 2362 1046 2425 termino
1080 2382 1162 2426 con-

209 2462 385 2524 sueverint
401 2460 586 2543 aliquando
603 2461 759 2524 homines
777 2470 933 2542 tempora
950 2469 1161 2543 computare.

211 2559 249 2624 A·
266 2560 376 2643 prima
401 2559 491 2624 enim
517 2559 572 2624 die
593 2560 725 2624 Martii¹
742 2578 850 2641 usqne
877 2560 921 2624 ad
943 2557 1162 2644 Assumptio·

211 2679 288 2723 nem
304 2659 461 2742 Virginis
484 2659 644 2742 gloriosae
666 2660 763 2724 nulla
784 2659 908 2724 cecidit
924 2659 1043 2742 pluvia
1059 2680 1163 2744 super

210 2764 346 2823 terram.

262 2858 441 2924 Conradus
469 2859 515 2922 in·
531 2858 661 2941 Apulia
686 2859 892 2937 infirmatus,
914 2860 1076 2944 clystere,
1102 2862 1162 2942 qui
1175 2885 1279 2924 neutros

211 2978 233 3022 a
261 2959 401 3024 medicis
420 2959 643 3043 judicabatur
672 2959 746 3022 fieri
772 2961 815 3023 ad
844 2960 1004 3035 salutem,
1031 2979 1162 3023 veneno
1176 2935 1257 3032 §ihil
1265 2935 1289 2973 οἰ

210 3059 322 3123 mixto
330 3059 453 3123 'intulit
469 3061 534 3122 sibi
552 3066 708 3123 mortem.
749 3059 906 3141 Reliquit
923 3067 1037 3123 autem
1054 3058 1162 3122 fllium

210 3158 404 3240 parvulum,
419 3160 556 3223 nomine
572 3151 918 3242 ⁸00nradum,·cujus
935 3159 999 3221 sibi
1018 3159 1162 3221 tutelam

211 3258 413 3322 Manfredus
454 3258 607 3341 ejusdem
645 3266 789 3340 patruus
826 3259 1018 3340 usurpavit.
1082 3258 1162 3321 Hoc

210 3353 313 3435 anno,
348 3359 450 3422 tertio
483 3378 592 3422 nonas
625 3356 769 3440 Aprilis,
807 3358 929 3421 beatus
959 3350 1162 3434 *Ricardum

246 3549 254 3580 ¹
279 3552 327 3600 See
359 3551 518 3613 Papebroch,
548 3549 586 3599 iii.
614 3553 672 3611 679,
697 3550 757 3610 and,
779 3547 873 3611 having
892 3550 955 3598 been
974 3548 1116 3598 chancellor
1135 3553 1161 3596 to

210 3622 285 3682 April
303 3625 350 3680 29,
371 3621 422 3669 and
444 3635 460 3670 a
481 3624 670 3680 contemporary
698 3620 735 3669 St.
748 3620 867 3668 Edmnnd
884 3619 913 3667 of
927 3619 1095 3680 Canterbury‚
1107 3632 1161 3667 was

210 3691 266 3740 Lite
283 3691 312 3738 oi
328 3691 365 3739 St.
375 3690 461 3750 Peter,
478 3690 612 3740 sumamed
630 3690 672 3738 the
698 3690 831 3738 continued
848 3689 874 3736 in
889 3689 945 3738 that
955 3689 1025 3738 office
1038 3690 1071 3748 by
1085 3689 1163 3736 Boni·

211 3761 371 3820 Dominiean,
386 3761 421 3820 by
438 3761 467 3810 F.
478 3759 588 3808 Thomas
604 3761 672 3820 Agni
697 3759 753 3808 face
773 3759 803 3807 oi
816 3759 910 3820 Savoy,
927 3759 969 3807 the
987 3753 1090 3820 queen's
1107 3759 1163 3806 bro·

213 3831 245 3878 de
268 3831 390 3890 Lentino;
413 3830 467 3879 also
490 3830 585 3890 Script.
608 3828 672 3878 Ord.
699 3829 762 3890 ther,
770 3828 819 3878 and
832 3828 961 3889 promoted
971 3833 996 3876 to
1007 3827 1049 3875 the
1060 3827 1163 3888 bishop-

212 3898 317 3949 Pred.i.
329 3904 385 3949 ³59.
698 3899 755 3947 rich
766 3898 795 3946 oi
800 3898 949 3947 chichester
959 3898 986 3945 in
997 3901 1071 3959 1245,
1081 3897 1108 3945 in
1120 3898 1162 3946 the

245 3967 256 3999 ²
271 3971 389 4018 ‘mortem
399 3969 416 4030 ;’
432 3969 470 4018 M.
479 3973 503 4018 et
514 3970 562 4017 Ar.
699 3982 766 4017 room
779 3967 851 4016 olan
868 3968 1003 4028 unworthy
1013 3967 1126 4015 nominee
1137 3967 1167 4015 oi

246 4034 487 4090 ⁸‘slonradinumz'
500 4037 568 4087 ΠΛ.
580 4043 605 4087 et
616 4038 672 4098 Aa,
700 4039 742 4086 the
764 4039 835 4100 king,
858 4038 916 4086 who
939 4039 965 4086 in
987 4051 1162 4098 consequence

211 4107 357 4172 expressive
371 4109 400 4158 oi
414 4109 454 4158 his
463 4109 598 4171 juniority,
614 4122 673 4168 says
700 4107 821 4169 deprived
833 4108 884 4156 him
894 4108 922 4157 oi
931 4109 971 4156 his
981 4107 1163 4168 temporalities

211 4181 284 4230 llall.
700 4177 739 4225 lor
754 4178 805 4226 tivo
824 4192 906 4238 years.
943 4177 984 4226 He
999 4177 1060 4226 died
1075 4192 1108 4226 on
1121 4177 1164 4227 the

246 4248 256 4280 ⁴
279 4249 391 4297 Richard
427 4248 460 4296 de
492 4247 588 4308 Wyche
621 4260 676 4294 was
702 4247 747 4296 διὰ
761 4247 790 4296 oi
803 4249 878 4309 April
895 4251 967 4308 125³,
984 4247 1120 4308 according
1138 4249 1164 4294 to

210 4321 272 4370 born
297 4319 365 4368 rr'ear.=
382 4319 522 4367 worcester
550 4318 576 4365 in
600 4318 673 4377 nst,
702 4317 840 4377 some,and
853 4318 1055 4369 wascanonized
1069 4319 1104 4377 by
1115 4316 1165 4364 Ur·

992 4409 1014 4454 R
