3226 5020
442 469 511 536 296
811 489 882 536 ruo.
899 487 1046 535 rnrvnrr

446 665 527 708 num
556 645 600 710 de
625 639 844 721 ¹Camurciis‚
872 647 931 729 qui
958 655 1083 711 cuneta
1105 647 1198 710 caede
1225 647 1400 712 incendio-

444 765 515 828 que
546 745 710 810 vastavit.
775 747 856 810 Hoc
885 765 978 811 anno
1009 739 1139 810 ²frater
1167 746 1324 811 Joannes
1356 747 1398 811 de

446 844 691 927 Derlingtonia
727 846 860 910 ordinis
900 845 1185 923 Praedicatorum,
1222 846 1398 911 consessor

446 944 621 1027 quondam
657 945 749 1026 regis
781 945 939 1024 Henrici,
973 946 1181 1010 auctoritate
1211 946 1329 1028 papali
1361 947 1397 1009 in

447 1063 556 1125 regno
594 1042 732 1125 Angliae
775 1044 940 1108 collector
977 1043 1124 1109 efficitur
1163 1045 1397 1126 decimarum3

447 1143 547 1226 cujus
572 1143 690 1211 studio
710 1151 745 1209 et
765 1143 935 1208 industria
957 1144 1060 1207 editae
1084 1152 1165 1207 sunt
1187 1145 1402 1209 concordan-

447 1243 507 1307 tiee
539 1262 688 1325 magnae,
720 1262 799 1326 quae
833 1242 1039 1325 Anglicanae
1068 1249 1249 1307 vocantur.
1319 1244 1401 1308 Hoc

447 1361 551 1419 anno,
580 1348 683 1407 sexto
715 1344 847 1407 decimo
879 1341 1041 1406 calendas
1072 1342 1172 1420 Julii,
1202 1343 1399 1408 venerabile

447 1459 573 1524 corpus
588 1442 682 1506 beati
694 1442 850 1520 Ricardi,
861 1441 1088 1507 cicestrensis
1104 1442 1270 1524 episcopi,
1288 1453 1399 1507 trans·
1493 1515 1496 1520 ,

446 1542 554 1605 latum
573 1549 638 1619 est,
659 1549 695 1605 et
717 1543 753 1605 in
778 1561 885 1624 capsa
907 1549 1075 1623 argentea
1100 1541 1268 1606 deaurata
1290 1542 1399 1607 hono·

447 1641 541 1705 rifice
556 1640 774 1706 collocatum.

475 1836 606 1874 nuuc.
699 1834 898 1872 arousroruu
917 1837 943 1873 r.
1229 1837 1368 1874 rusiorum

633 1891 1004 1902 -ψ

467 1921 613 1958 mcccxxvii.
652 1920 756 1956 Josurtrs
767 1920 823 1957 xx1.
874 1921 983 1958 uanum
1024 1923 1136 1960 rurum
1150 1924 1189 1962 111.
1227 1925 1347 1960 unwanni
1358 1926 1378 1964 1.

729 1979 753 2026 1.
916 1983 942 2028 ὅ.

498 2128 667 2192 Joauuns
699 2144 792 2208 papa
829 2124 1012 2190 vicesimus
1044 2127 1187 2208 primus,
1219 2147 1299 2192 cum
1332 2129 1398 2194 sibi

447 2229 529 2293 vitae
552 2227 703 2310 spatium
730 2226 766 2289 in
793 2244 904 2288 annos
927 2225 1093 2307 plurimos
1115 2228 1257 2292 extendi
1279 2229 1396 2292 crede·.

447 2335 512 2407 ret,
524 2333 560 2392 et
568 2328 633 2392 hoc
649 2325 753 2391 etiam
768 2343 885 2388 coram
896 2323 973 2388 aliis
990 2334 1171 2403 assereret,
1187 2329 1303 2393 subito
1317 2348 1396 2392 cum

447 2447 585 2493 camera
606 2444 710 2502 nova,
733 2443 838 2506 quam
857 2424 924 2487 sibi
940 2424 1090 2489 Viterbii
1115 2426 1208 2491 circa
1229 2427 1396 2509 palatium

447 2531 702 2603 construxerat,
729 2524 824 2588 solus
851 2524 1003 2603 corruit;
1027 2531 1063 2590 et
1085 2525 1176 2589 inter
1200 2526 1334 2608 lapides
1361 2537 1396 2592 et

446 2628 544 2710 ligna
573 2625 714 2691 collisus
740 2630 842 2687 sexto
872 2621 928 2686 die
953 2631 1034 2706 post
1056 2643 1174 2688 casum
1201 2645 1398 2692 sacramen·

447 2727 493 2791 tis
521 2726 679 2790 omnibus
711 2722 953 2787 ecclesiasticis
979 2725 1151 2806 perceptis
1176 2726 1333 2802 moritur,
1361 2733 1397 2792 et

446 2825 574 2889 ibidem
612 2825 648 2888 in
680 2823 826 2887 ecclesia
859 2823 970 2886 sancti
1004 2822 1183 2888 Laurentii
1217 2825 1395 2908 sepelitur.

285 2963 435 3004 mmmm
448 2923 610 2989 Succedit
633 2921 802 2987 Nicotaus
825 2921 962 2999 tertius,
984 2923 1080 3005 prius
1101 2922 1215 2987 dictus
1242 2924 1398 2990 Joannes

285 3014 386 3103 iffi*
449 3018 669 3107 ³Gajetanus,
702 3021 745 3084 de
771 3040 896 3104 genere
920 3020 1138 3086 Ursinerum.
1200 3023 1270 3087 Hic
1293 3043 1398 3108 super

447 3123 603 3205 regulam
644 3120 681 3186 S.
706 3121 882 3185 Francisci
920 3122 1171 3203 expositionem
1210 3124 1395 3206 quamdam

448 3222 567 3300 edidit,
587 3241 692 3305 quam
714 3211 805 3285 inter
823 3219 910 3284 alias
932 3220 1123 3288 decretales
1148 3222 1190 3286 de
1214 3225 1396 3288 verborum

447 3322 757 3405 significationibus
773 3320 879 3383 inseri
896 3321 1079 3386 ordinavit.

284 3455 411 3506 mn„
499 3422 682 3487 Gallenses
709 3419 954 3503 occidentales,
983 3420 1028 3484 ad
1051 3439 1172 3503 pacem
1202 3423 1294 3503 regis
1319 3420 1394 3488 Am

283 3507 436 3606 igssssggw
448 3522 528 3603 glise
554 3522 744 3597 venientes,
776 3518 920 3600 Pagano
952 3519 1083 3584 militiae
1113 3520 1204 3601 regis
1226 3521 1264 3584 in
1288 3522 1396 3604 parti·

284 3607 375 3696 ῗὲιῇἵξῖ,
446 3623 512 3685 bus
543 3621 613 3684 illis
644 3620 838 3702 capitaneo,
864 3626 1016 3682 castrum
1045 3619 1088 3683 de
1119 3619 1286 3685 Stredewi
1319 3640 1396 3685 cum

447 3721 628 3805 adjacente
659 3719 773 3802 patria
797 3717 1030 3782 reddiderunt.
1098 3717 1264 3802 Princeps
1292 3721 1395 3784 etiam

446 3820 598 3898 Walliae,
624 3819 744 3884 videns
772 3837 810 3882 se
836 3818 910 3898 regi
938 3815 1078 3898 Angliae
1101 3818 1227 3883 cotidie
1248 3819 1398 3884 invales-

446 3921 538 3985 centi
564 3939 633 3983 non
656 3935 759 4001 posse
785 3917 957 3994 resistere,
983 3936 1104 4000 pacem
1127 3918 1229 4000 petiit
1252 3925 1288 3987 et
1309 3918 1398 3986 obti·
1475 3978 1478 3984 ,

479 4126 486 4157 ¹
505 4121 670 4177 ‘Cadurcist’
681 4125 816 4191 (Cohors.)
1114 4175 1117 4182 .

441 4191 1289 4329 ΡᾙΜΜΜῌΜΜΜ
