3204 5028
426 505 491 570 134
785 521 858 568 ruo.
882 519 1029 567 rarvarr

427 679 603 763 pervenit;
633 678 693 741 ubi
715 678 797 760 quia
814 679 976 760 sperabat
997 676 1145 759 populus
1164 677 1200 739 in
1221 676 1380 758 proximo

428 778 545 843 videre
560 779 778 843 Dominicum
794 777 1001 859 sepulcrum,
1019 777 1144 840 eximie
1160 776 1356 840 laetabatur.

269 891 417 934 clement111·
481 877 640 942 Clemens
657 896 749 960 papa
766 883 923 940 mortuus
938 882 1003 952 est,
1025 896 1104 939 cum
1121 875 1268 940 sedisset
1283 875 1384 939 annis

270 944 323 983 Μ’
430 978 554 1054 tribus,
584 977 704 1041 diebus
735 976 921 1040 sexdecim.
974 975 1047 1040 Hic
1074 975 1261 1039 claustrum
1292 974 1383 1057 apud

432 1075 466 1142 S.
492 1076 719 1141 Laurentium
746 1075 829 1140 foris
862 1095 979 1139 muros
1003 1075 1188 1152 ordinavit,
1215 1081 1251 1138 et
1279 1073 1384 1138 Late·

431 1195 578 1240 renense
609 1176 777 1259 palatium
804 1176 886 1240 fecit
914 1175 1030 1253 altius,
1062 1182 1098 1238 et
1128 1181 1270 1258 puteum
1302 1173 1385 1238 fecit

269 1282 514 1379 fgssffssffiHLanoe
532 1295 658 1358 equum
682 1295 809 1339 aereum
832 1273 918 1338 fieri.
969 1275 1143 1340 Successit
1159 1274 1238 1338 huic
1254 1272 1383 1338 Coeles-

269 1390 323 1429 him·
432 1375 525 1440 tinus
546 1369 696 1453 ¹tertius,
722 1375 863 1439 natione
890 1373 1082 1451 Romanus
1105 1379 1326 1438 consecratus
1347 1372 1384 1436 in

432 1474 487 1538 die
506 1475 697 1540 Dominicee
715 1474 1003 1538 Resurrectionis.
1057 1473 1101 1537 In
1125 1473 1276 1538 crastino
1302 1491 1383 1536 vcro

431 1575 700 1639 consecrationis
715 1593 800 1652 suae,
820 1573 855 1637 id
877 1580 931 1637 est
947 1572 1033 1637 seria
1050 1573 1202 1637 secunda
1224 1571 1384 1650 Paschae,

432 1673 624 1738 Henricum
655 1680 793 1737 sextum
825 1673 868 1737 ad
894 1674 1077 1755 imperium
1105 1673 1296 1748 coronavit,
1323 1672 1383 1754 qui

431 1773 550 1837 eodem
572 1793 701 1851 mense,
723 1773 856 1836 scilicet
876 1770 1002 1855 Aprili,
1018 1793 1095 1836 cum
1113 1771 1265 1836 maximo
1283 1791 1382 1834 exer-

405 1899 407 1904 ·
431 1874 500 1937 citu
515 1874 659 1938 intravit
674 1871 849 1955 Apuliam.
894 1872 1025 1936 Eodem
1042 1873 1145 1936 etiam
1160 1890 1276 1936 manse
1288 1865 1383 1952 ²reg-

430 1991 511 2036 num
540 1972 773 2036 Tusculanum
800 1972 965 2036 traditum
994 1978 1047 2036 est
1075 1971 1254 2049 Romanis,
1276 1976 1313 2034 et
1339 1971 1384 2034 ab

430 2072 480 2135 eis
498 2071 721 2137 destructum.
774 2070 905 2135 Eodem
923 2091 1014 2136 anno
1037 2071 1090 2136 sol
1104 2072 1309 2135 obscuratus
1328 2078 1382 2134 est

429 2191 521 2235 nono
554 2172 620 2236 cal.
650 2170 760 2246 Junii,
789 2190 812 2235 a
841 2172 944 2236 tertia
973 2170 1058 2236 hora
1089 2171 1160 2234 fere
1192 2190 1304 2253 usque
1336 2169 1381 2233 ad

430 2291 568 2336 nonam.
621 2271 817 2354 Imperator
844 2279 971 2335 terram
999 2269 1138 2355 Apuliae
1160 2271 1252 2354 cepit
1273 2290 1383 2352 usque

430 2370 627 2453 Neapolim,
648 2371 828 2454 ipsamque
854 2372 974 2436 urbem
1003 2371 1137 2435 obsedit
1161 2389 1381 2454 permenses

431 2477 523 2551 tres;
546 2472 662 2554 ibique
682 2478 780 2536 tanta
799 2470 980 2535 infirmitas
1002 2471 1131 2536 invasit
1154 2470 1230 2555 ejus
1255 2470 1384 2534 exerci-

431 2578 518 2648 tum,
540 2572 632 2653 quod
655 2591 773 2636 omnes
796 2570 868 2634 sere
893 2571 1020 2635 mortui
1043 2576 1137 2647 sunt,
1156 2589 1384 2651 reversusque

431 2677 485 2733 est
501 2670 670 2752 languens
686 2672 875 2753 imperator
890 2689 968 2733 cum
984 2671 1115 2752 paucis
1169 2668 1315 2752 Accepit
1329 2669 1384 2732 hic

431 2787 575 2832 uxorem
599 2768 852 2846 Constantiam,
870 2769 962 2850 regis
979 2768 1107 2831 Siciliae
1124 2767 1243 2831 filiam.

269 3233 392 3324 ἕξω
483 3212 569 3276 Rex
594 3212 804 3289 moranus
827 3221 1019 3279 convocato
1036 3216 1191 3292 concilio,
1208 3235 1285 3280 cum
1302 3216 1386 3280 viris

268 3334 420 3424 qpffipflay
432 3313 645 3395 sapientibus
681 3320 717 3376 et
749 3311 919 3391 discretis,
956 3321 1028 3377 tam
1059 3316 1249 3398 peregrinis
1283 3334 1386 3397 quam

267 3435 366 3474 eomes
432 3413 525 3476 illius
548 3419 649 3476 terrae
673 3413 983 3489 incolis,.tractare
1010 3415 1117 3497 coepit
1142 3423 1177 3480 et
1202 3414 1385 3497 inquirere,

268 3485 380 3574 dliii„
433 3532 477 3576 an
497 3511 675 3594 expediret
690 3511 834 3576 ulterius
856 3513 1018 3594 progredi
1031 3534 1152 3578 versus
1165 3513 1384 3580 Jerusalem:

268 3585 395 3624 ³⁶¹⁰⁸⁵¹⁰m‘
433 3611 492 3693 qui
509 3630 628 3674 omnes
650 3612 805 3674 unanimi
825 3612 963 3676 decreto
986 3622 1149 3696 protunc
1174 3614 1385 3677 obsidionem

432 3711 626 3774 Jerusalem
657 3711 908 3787 dissuaserunt,
938 3712 1066 3776 multas
1096 3721 1132 3776 et
1157 3715 1273 3778 varias
1303 3713 1385 3776 alle

432 3817 557 3891 gantos
582 3810 758 3889 rationes;
782 3828 928 3892 quarum
955 3831 1025 3875 una
1051 3806 1143 3876 ³erat
1166 3821 1200 3877 et
1220 3813 1384 3888 maxima,

432 3910 515 3992 quia
529 3909 705 3973 civitatem
726 3929 795 3973 non
815 3903 1010 3992 *expediret
1028 3930 1163 3995 capere,
1183 3912 1250 3976 nisi
1267 3911 1385 3975 statim

432 4008 680 4091 deputarentur
710 4009 775 4072 viri
809 4009 1039 4075 robustissimi
1077 4012 1137 4093 qui
1170 4012 1385 4077 custodirent

467 4163 477 4197 ¹
493 4169 502 4196 ‘
509 4169 599 4217 tertius
606 4163 622 4228 ;‘
633 4168 747 4230 wanting
758 4168 784 4215 in
796 4166 865 4217 D'A.
957 4165 967 4196 ³
983 4170 1056 4220 ‘erat
1065 4170 1082 4230 ς’
1098 4171 1212 4234 wanting
1222 4173 1249 4220 in
1261 4167 1329 4221 D'A.
1349 4130 1353 4137 -

465 4234 476 4267 ²
491 4239 526 4287 So
534 4239 569 4286 all
577 4238 620 4287 the
627 4238 703 4288 MSS.
733 4237 895 4287 D'Acherius

432 4312 549 4372 suggests
559 4309 567 4337 ‘
578 4305 706 4357 casuum?
955 4306 964 4336 ⁴
982 4310 1146 4372 ‘expedierat
1151 4310 1170 4373 ;’
1181 4310 1220 4360 Μ.
1231 4315 1256 4359 et
1266 4309 1314 4359 Ar.
