3170 5020
428 479 495 547 38⁴
779 500 855 549 ruo.
881 499 1030 548 rnrvurr

266 669 374 712 mnus·
429 675 532 738 posse
564 655 707 737 gloriari
737 675 777 720 se
814 675 914 738 reges
943 655 1137 737 Auglorum
1179 675 1268 733 esse,
1302 675 1380 720 cum

265 722 370 823 We
428 765 527 819 tauta
550 755 690 819 honoris
709 756 943 839 praerogativa
963 755 1172 833 fruerentur,
1190 757 1284 838 quod
1300 758 1381 819 sub-

423 854 555 939 jectum
582 855 748 920 haberent
779 864 833 921 tot
870 876 991 938 regum
1018 857 1223 939 potentiam.
1292 855 1380 921 Post

427 955 559 1019 dietum
588 955 765 1038 Edgarum
787 957 983 1020 successive
1015 963 1250 1037 regnaverunt
1279 975 1380 1037 reges

430 1053 581 1137 Angliae‚
598 1055 635 1119 S.
652 1055 844 1120 Edwardus
860 1065 1004 1139 martyr,
1027 1055 1257 1119 Etheldredus
1273 1055 1381 1119 frater

427 1155 516 1239 ejus,
549 1155 752 1219 Edmuudus
778 1156 892 1220 dictus
920 1149 1114 1220 ¹Ireneside
1139 1155 1232 1218 filius
1262 1154 1381 1218 Ethel-

426 1255 536 1331 dredi,
560 1261 597 1319 et
618 1249 794 1319 'Hiricius
821 1256 882 1338 qui
912 1274 1030 1320 eorum
1061 1255 1274 1338 temporibus
1304 1274 1380 1336 reg·

428 1375 510 1418 uum
536 1354 664 1419 Seotiae
688 1356 725 1418 iu
751 1374 816 1418 sua
843 1355 1058 1440 subjectione
1087 1355 1232 1437 pacifice
1258 1362 1377 1418 tenue-

428 1463 532 1519 runt:
563 1455 630 1518 hoc
650 1454 824 1519 duntaxat
844 1462 1005 1537 excepto,
1029 1455 1122 1537 quod
1143 1474 1235 1518 euno
1257 1454 1378 1537 quinto

428 1553 560 1618 decimo
583 1555 711 1619 Hirioii
732 1555 903 1637 praedicti,
923 1555 1014 1618 idem
1039 1554 1195 1618 Hirieius
1226 1554 1377 1618 scotiam

428 1654 663 1729 rebellantem,
695 1655 917 1737 expeditione
945 1655 1030 1718 illuc
1057 1654 1174 1730 ducta,
1204 1661 1240 1718 et
1261 1674 1377 1736 regem

427 1752 555 1818 Scotiae
583 1773 692 1836 parvo
715 1755 853 1834 subegit
884 1755 1036 1836 negotio,
1065 1755 1294 1836 subditusque
1323 1761 1377 1818 est

426 1852 536 1917 eidem
566 1854 753 1936 praedictus
778 1852 1000 1918 Malcolmus.
1079 1853 1216 1932 Quibus
1249 1853 1378 1916 Horai-

426 1952 492 2016 dus
519 1951 611 2016 filius
634 1952 762 2017 Canuti
787 1960 823 2018 et
849 1952 1128 2018 Hardakenutus
1154 1953 1262 2017 frater
1289 1952 1376 2036 ejus,

427 2071 516 2115 unus
547 2060 629 2135 post
659 2053 778 2130 alium,
807 2073 907 2135 reges
940 2051 1078 2134 Angliae
1111 2061 1375 2132 suocesseruut3

426 2153 486 2234 qui
502 2153 578 2230 sibi,
593 2172 632 2217 se
656 2154 892 2236 regnantibus,
912 2152 1160 2237 subjectionem
1176 2153 1276 2234 regni
1292 2151 1376 2216 Sco·

426 2253 483 2316 tiae
509 2252 688 2335 pacificam
720 2254 927 2317 habuerunt.
991 2252 1094 2329 Item,
1112 2247 1166 2317 ³S.
1184 2252 1375 2316 Edwardus

424 2372 489 2416 rex
506 2351 644 2434 Angliae
663 2373 809 2436 regnum
831 2353 958 2417 Scotiae
975 2351 1176 2430 Malcolmo,
1194 2352 1265 2416 filio
1282 2353 1374 2434 regis

426 2451 658 2528 Cimbrorum,
674 2452 717 2516 de
734 2472 772 2516 se
788 2452 884 2516 dedit
899 2451 1096 2517 tenendum.

474 2551 605 2630 ‘Item,
630 2552 828 2618 Willelmus
851 2551 1055 2628 Bastardus,
1088 2571 1153 2615 rex
1181 2549 1331 2634 Angliae,
1355 2571 1378 2616 a

425 2650 613 2717 Mulcolmo
642 2671 723 2734 rege
745 2652 885 2730 Scotiae,
908 2658 1073 2735 tanquam
1101 2671 1123 2716 a
1149 2671 1214 2715 suo
1238 2651 1375 2715 homine

424 2752 490 2814 sibi
511 2751 662 2830 subdito,
682 2753 812 2833 recepit
830 2751 1039 2833 homagium.
1086 2750 1189 2827 Item,
1199 2751 1375 2815 Willebno

426 2850 533 2927 Rufo,
565 2853 641 2933 regi
671 2849 824 2933 Angliae,
855 2851 1042 2933 praedictus
1074 2850 1283 2915 Mulcolmus
1313 2870 1376 2915 rex

424 2949 606 3013 Scotorum
640 2950 841 3032 juramento
876 2950 1054 3015 fidelitatis
1090 2950 1267 3034 subjectus
1298 2950 1374 3016 fuit.

425 3048 528 3125 Item,
542 3049 729 3131 praedictus
738 3049 936 3114 willelmus
950 3050 1194 3114 Dunevuldum
1208 3050 1251 3114 de
1268 3069 1376 3131 regno

424 3147 551 3212 Scotiae
576 3169 622 3213 ex
645 3149 753 3234 justis
779 3150 893 3214 causis
915 3151 1059 3228 amovit,
1088 3158 1124 3214 et
1145 3151 1371 3214 Dunecenum

425 3248 531 3313 filium
564 3249 744 3314 Malcolmi
769 3269 876 3332 regno
904 3250 1033 3314 Scotiae
1061 3250 1228 3332 praefecit,
1255 3257 1291 3315 et
1324 3269 1375 3313 re-

425 3350 516 3431 cepit
542 3349 743 3414 fidelitatem
775 3351 819 3413 ab
850 3369 892 3413 eo
924 3357 961 3413 et
983 3349 1241 3434 juramentum
1269 3349 1374 3413 dioto

425 3468 493 3530 que
511 3449 701 3514 Duneceno
723 3449 843 3513 dolose
860 3457 1049 3532 perempto,
1071 3449 1185 3514 dictus
1203 3469 1263 3514 rex
1290 3468 1375 3530 pree-

425 3546 534 3611 fatum
559 3548 816 3626 Dunevaldum,
838 3549 898 3631 qui
924 3549 1049 3612 iterum
1071 3569 1217 3631 regnum
1247 3549 1374 3612 Scotiae

424 3647 613 3724 invaserat,
638 3649 770 3713 emovit
788 3651 832 3712 ab
855 3648 987 3725 eodem,
1008 3655 1044 3713 et
1066 3648 1243 3730 Edgarum
1267 3648 1376 3712 filium

424 3746 508 3811 dicti
538 3747 717 3812 Maloolmi
747 3767 863 3830 regem
892 3748 1018 3812 Scotiae
1049 3749 1241 3823 eonstituit‚
1267 3757 1302 3812 et
1330 3748 1376 3811 ei-

423 3845 502 3910 dem
524 3866 668 3929 regnum
691 3848 777 3912 illud
799 3849 964 3926 donavit3
990 3848 1048 3912 oui
1075 3848 1242 3912 successit
1264 3847 1373 3913 Alex-

424 3946 531 4010 ander
545 3947 637 4011 filius
661 3948 793 4029 Edgari
810 3967 980 4012 consensu
1003 3949 1096 4030 regis
1113 3946 1253 4030 Angiiae
1274 3947 1375 4010 Hen-

424 4227 432 4256 ι
460 4151 675 4240 ¹‘Ymueyde;'
711 4157 771 4205 Cod.
801 4157 885 4219 Rege:
946 4151 1374 4217 '‘senetusdiotuslidwnrdus;’
