3180 5026
583 495 765 544 assuens.
1106 483 1149 546 41

193 651 360 736 Apostoli
394 654 574 718 transtulit
602 653 764 732 Romam,
793 655 884 718 sicut
911 653 989 718 dum
1021 654 1149 719 tabulae

194 772 296 816 aereae
330 753 581 831 demonstrant,
615 756 754 836 scriptae
790 753 915 818 litteris
947 752 1081 818 Graecis
1114 761 1149 819 et

193 851 344 930 Latinis,
367 873 445 935 quae
472 860 617 937 repertae
650 872 727 918 cum
755 853 875 918 eodem
903 871 1045 936 corpore
1077 854 1150 920 sue·

190 958 285 1016 rant.
338 952 529 1034 Repertum
540 959 594 1017 est
606 953 710 1017 etiam
728 953 763 1016 in
781 952 900 1016 eadem
915 952 1061 1018 ecclesia
1074 973 1149 1018 cor-

193 1070 262 1148 pus
277 1052 369 1114 beati
386 1051 536 1129 Paulini,
555 1051 685 1116 Nolani
701 1052 866 1134 episcopi.

229 1145 437 1228 GalfriduS,
454 1170 640 1234 germanus
655 1152 745 1234 regis
763 1150 914 1233 Angliee,
926 1152 1052 1217 comite
1072 1151 1149 1216 Bri·
1160 1169 1207 1208 run
1209 1170 1295 1209 ιιιιιιι
1283 1179 1311 1210 ιιι

195 1251 325 1313 tanniae
343 1249 460 1314 Hoelo
475 1251 631 1333 expulso,
651 1252 743 1334 cepit
756 1250 1049 1315 consentientibus
1066 1252 1148 1315 civi·
1125 1220 1296 1270 'mm

196 1349 263 1412 bus
277 1348 510 1414 Nanueticam
528 1351 718 1416 civitatem.

244 1448 454 1526 Willelmus,
480 1469 543 1513 rex
565 1448 704 1527 Siciliae,
727 1449 903 1513 civitatem
921 1450 1052 1512 Barum
1068 1447 1147 1512 suu·
1159 1467 1193 1507 ιιι
1194 1467 1246 1507 ιιιι

194 1545 290 1610 ditus
317 1550 454 1625 evertit,
471 1556 598 1632 praeter
618 1549 799 1613 ecclesiam
821 1549 934 1612 sancti
961 1518 1229 1628 Nicbolai3⁸¹³⁸m

193 1646 278 1727 quia
296 1648 390 1712 cives
405 1648 510 1726 illius,
529 1648 687 1712 faventes
704 1647 851 1725 Graecis,
868 1641 1052 1730 nequiter¹
1064 1665 1146 1710 con·

190 1746 411 1827 spiraverunt
435 1748 590 1812 contra
580 1767 703 1830 rpsum.
757 1747 902 1812 Graecos
922 1747 1025 1812 etiam
1054 1753 1147 1811 terra

190 1845 348 1927 marique
364 1865 545 1929 superaus,
558 1847 718 1912 civitates
733 1854 769 1914 et
783 1847 940 1923 castella,
964 1865 1042 1928 quae
1066 1865 1143 1928 per-

191 1943 341 2022 diderat,
353 1946 389 2009 in
401 1946 462 2029 jus
475 1946 652 2029 proprium
668 1947 857 2010 revocavit.
910 1945 1146 2011 Exheredavit

193 2044 299 2106 etiam
326 2045 485 2109 comitem
511 2044 702 2110 Robertum
729 2046 772 2109 de
794 2044 982 2122 Basevilla,
1002 2037 1146 2126 ²cogna-

193 2149 266 2206 tum
281 2162 395 2220 suum,
413 2143 495 2226 quia
512 2146 556 2208 ab
573 2143 662 2227 ipso,
679 2142 814 2208 Graecis
835 2144 997 2220 favendo,
1019 2137 1144 2208 ³desci·

193 2251 301 2306 verat.
356 2242 615 2309 Reconciliatur
636 2244 740 2307 etiam
762 2263 862 2326 papae
889 2240 1056 2319 Adriano,
1084 2244 1144 2325 qui

192 2341 307 2423 ipsum
331 2349 496 2426 tanquam
519 2343 679 2407 rebellem
695 2343 849 2407 ecclesiae
865 2342 1143 2406 excommunica·

192 2448 302 2519 verat,
320 2440 477 2507 faciendo
493 2443 602 2506 eidem
620 2461 720 2525 papae
735 2442 947 2523 homagium,
962 2449 997 2505 et
1012 2441 1143 2523 abipso

191 2541 390 2623 suscipiens
400 2550 526 2605 terram
541 2561 650 2606 suam.

242 2639 286 2702 In
302 2660 392 2723 pago
410 2641 642 2706 Parisiscensi
656 2660 744 2723 capo
761 2641 953 2705 salvatoris
976 2640 1085 2704 nostri
1106 2639 1142 2704 in

191 2741 401 2804 monasterio
417 2734 632 2821 *Argentolii
648 2741 858 2804 revelatione
874 2739 993 2804 divina
1006 2747 1143 2822 reperta

189 2848 253 2914 est,
271 2837 488 2903 inconsutilis
509 2847 545 2903 et
557 2840 688 2904 subrufi
709 2840 845 2916 colonie,
867 2857 972 2922 quam
991 2839 1143 2920 gloriosa

189 2936 310 3001 Mater
323 2939 399 3022 ejus
415 2939 498 3002 fecit
512 2939 555 3015 ei,
573 2959 651 3003 cum
674 2938 787 3002 adhuc
810 2957 895 3021 puer
912 2945 1014 3015 esset,
1040 2945 1143 3020 prout

187 3044 336 3118 repertae
352 3057 429 3101 cum
447 3058 489 3102 ea
505 3038 630 3103 litterae
645 3038 854 3102 indicabant.

241 3134 339 3200 Obiit
363 3136 559 3201 Willelmus
588 3137 681 3219 regis
712 3137 973 3219 primogenitus,
1006 3145 1041 3199 et
1071 3135 1141 3199 Re·
1155 3163 1200 3202 ιιι
1211 3160 1280 3209 unm

188 3233 317 3316 dingiae
343 3243 397 3300 est
426 3237 593 3319 sepultus.
645 3236 821 3300 Henricus
847 3255 909 3299 rex
934 3236 1037 3317 cepit,
1062 3245 1142 3316 post
1154 3213 1269 3302 dbm'm

189 3334 330 3415 longam
347 3334 573 3413 obsidionem,
593 3344 708 3400 castra
724 3335 944 3399 Mirabellum
964 3344 999 3397 et
1018 3333 1142 3397 Chino-

190 3453 281 3510 uem,
307 3453 385 3515 quae
409 3433 589 3499 Galfridus
620 3433 725 3498 frater
748 3434 824 3517 ejus
850 3440 1016 3497 tenuerat.
1071 3432 1142 3495 Re·

190 3531 341 3596 formata
357 3553 440 3598 vero
464 3553 548 3616 pace
570 3535 661 3597 inter
677 3553 792 3614 regern
816 3540 850 3595 et
866 3531 1073 3607 Galfridum,
1093 3531 1144 3593 ita

189 3631 284 3713 quod
301 3651 364 3694 rex
382 3634 560 3697 annuatim
578 3633 686 3697 eidem
710 3632 809 3696 daret
828 3630 922 3693 mille
943 3629 1049 3693 libras
1067 3628 1143 3693 Au·

188 3731 339 3811 glicauee
370 3739 518 3797 monetae
545 3739 580 3797 et
606 3732 675 3795 duo
697 3731 806 3794 millia
835 3730 1000 3793 librarum
1026 3728 1143 3792 Ande-

187 3829 405 3910 gaveusium,
421 3839 572 3895 castrum
588 3831 727 3894 tertium
747 3831 779 3893 ei
799 3828 969 3892 redditum
986 3838 1038 3892 est
1055 3828 1143 3891 Lob

187 3929 331 3992 dunum.
389 3928 492 3993 Circa
519 3930 667 3993 medium
693 3930 821 3992 mensis
849 3927 1001 4010 Augusti
1030 3947 1143 4009 coepe-

229 4146 237 4179 ¹
251 4149 478 4211 ‘conspiraverunt
484 4147 500 4212 ;’
513 4145 582 4201 D’A.
715 4147 725 4178 ³
741 4150 909 4199 ‘destitueret
918 4145 933 4212 ς’
945 4150 992 4201 Ar.

715 4215 927 4281 ⁴‘Argentasii3’
950 4221 1002 4270 M.:
1031 4219 1145 4280 ‘Argen-
1235 4253 1238 4258 .

225 4285 235 4315 ¹
252 4289 487 4350 ‘cognominatum
507 4290 545 4340 Μ.
553 4294 578 4340 et
588 4288 636 4340 Ar.
680 4290 740 4339 terii
748 4284 763 4349 ;'
773 4287 822 4338 Ar.
