3226 5020
629 491 828 540 innuens*
1131 475 1196 540 327

240 669 359 712 eorum
388 657 423 714 et
453 649 557 716 laudo
586 651 650 714 sub
681 657 777 714 certa
806 649 1019 731 obligatione
1047 667 1085 714 se
1115 651 1332 754 sub-equique

241 751 369 827 mittat,
395 750 475 813 dum
505 758 620 814 tamen
648 769 709 813 rex
740 750 954 814 Francorum
978 768 1015 812 se
1048 724 1303 815 submit-idib,
1331 726 1344 764 y

241 856 294 913 tat
316 858 351 914 et
375 850 507 932 obliget
527 851 604 933 pari
629 850 742 914 modo.
808 849 846 913 Si
869 869 951 914 vero
978 849 1109 932 aliquid
1135 870 1193 915 oc·

239 958 358 1014 currat
378 957 449 1015 tarn
479 951 636 1027 arduum,
661 949 752 1032 quod
780 970 842 1032 per
866 950 1015 1014 arbitros
1043 960 1193 1033 nequeat

240 1043 381 1128 ¹decidi,
406 1049 641 1116 diffiniendum
667 1051 806 1132 regibus
828 1057 1047 1130 reservetur3
1071 1058 1106 1114 et
1128 1071 1191 1116 rex

241 1149 379 1232 Angliae
398 1150 517 1216 habito
540 1150 713 1216 conductu
734 1150 777 1214 ad
796 1169 913 1233 regem
939 1150 1110 1228 Franciae,
1135 1170 1191 1215 ac-

240 1250 418 1316 cedentem
441 1251 485 1316 ad
511 1251 662 1334 aliquam
680 1250 798 1316 villam
823 1250 1043 1326 maritimam,
1064 1250 1190 1328 veniet,

241 1358 280 1415 ut
313 1350 356 1418 de
383 1370 525 1418 assensu
557 1358 679 1416 mutuo
708 1350 787 1414 finis
810 1352 950 1433 negotio
979 1350 1188 1433 imponatur.

242 1449 344 1529 Quod
368 1452 398 1514 si
423 1471 486 1516 nee
509 1451 602 1516 istud
621 1471 684 1514 rex
711 1450 923 1515 Francorum
943 1451 1188 1532 acceptaverit,

240 1550 277 1613 in
304 1571 475 1614 summum
506 1550 717 1633 pontificem,
747 1551 848 1635 cujus
881 1557 935 1615 est
965 1551 1057 1615 inter
1089 1570 1188 1632 reges

241 1659 276 1714 et
298 1670 406 1732 regna
427 1671 546 1734 pacem
571 1652 697 1728 fovere,
726 1651 954 1715 transferatur
973 1649 1015 1714 de
1044 1670 1188 1715 assensu

240 1758 360 1815 mutuo
393 1751 593 1834 negotium
625 1751 680 1816 vel
717 1749 818 1838 (qnia
847 1759 929 1816 tunc
962 1751 1061 1815 sedes
1084 1770 1188 1816 vaca·

239 1847 317 1936 bat)
347 1851 390 1916 ad
423 1852 614 1917 cardinales
637 1871 755 1916 omnes
777 1852 833 1917 vel
859 1851 1008 1934 aliquoS,
1036 1859 1088 1929 ut,
1116 1851 1188 1915 litis

238 1958 274 2014 et
304 1952 484 2018 discordiae
519 1954 679 2017 submota
711 1953 868 2044 materia,
901 1972 972 2034 pax
1005 1953 1095 2016 inter
1127 1971 1187 2016 eos

239 2070 424 2135 eorumque
448 2053 595 2135 populos
615 2052 776 2117 refloreat
799 2064 838 2116 ut
861 2053 1004 2116 solebat.

288 2151 427 2232 Sprevit
456 2152 530 2215 haec
556 2153 672 2216 omnia
710 2152 891 2216 concilium
924 2151 1094 2229 Francius,
1124 2171 1322 2224 ueteranus,

239 2250 369 2314 nuntiis
395 2251 565 2315 instanter
586 2251 824 2332 flagitantibus
847 2252 1027 2333 dignatum
1048 2257 1102 2314 est
1123 2251 1185 2314 ali·
1199 2225 1285 2264 &⁸⁰⁰²

239 2350 321 2432 quid
353 2351 568 2434 respondere.
614 2346 729 2414 'Misit
757 2351 904 2434 denique
933 2370 996 2414 rex
1032 2349 1185 2414 Franco-

239 2469 315 2513 rum
348 2450 392 2513 ad
426 2452 601 2515 civitatem
638 2451 799 2532 Agennii,
832 2470 909 2534 quae
945 2450 990 2513 ad
1022 2450 1186 2514 ducatum

239 2548 438 2631 Aquitaniae
452 2559 611 2633 spectare
623 2550 838 2633 dignoscitur
852 2571 860 2630 3
892 2551 1007 2633 ibique
1030 2551 1185 2614 nomina·
1200 2571 1290 2632 unwan
1300 2572 1318 2611 n

238 2650 300 2712 tim
319 2651 418 2715 citari
439 2650 520 2714 fecit
535 2671 650 2732 regem
668 2649 818 2733 Angliae‚
836 2659 875 2715 ut
899 2650 954 2714 die
976 2656 1071 2714 certa
1087 2649 1186 2715 Pari·
1198 2622 1351 2722 {liliis

240 2749 300 2812 siis
328 2759 553 2833 compareret,
584 2751 626 2815 de
660 2751 794 2835 injuriis
821 2759 856 2815 et
883 2751 1127 2814 rebellionibus
1149 2751 1185 2814 iu

240 2858 333 2914 terra
345 2851 447 2916 sactis
457 2850 643 2916 Vaseoniae
660 2871 907 2934 responsurus:
924 2870 1025 2932 quem
1035 2850 1079 2914 ad
1094 2850 1184 2914 diem
1198 2866 1243 2953 {qq
1253 2863 1341 2952 “gfff'‘l,

238 2951 422 3032 praefixum
448 2972 518 3016 non
544 2958 813 3034 comparentem,
829 2971 892 3016 rex
913 2950 1126 3015 Francorum
1150 2951 1186 3014 in
1198 2925 1331 3056 gonffffqinid

239 3052 380 3133 propria
412 3072 560 3135 persona
591 3071 654 3134 pro
688 3052 852 3116 tribunali
886 3051 1021 3129 sedenS,
1050 3059 1186 3115 senten·
1213 3027 1225 3065 y
1293 3022 1313 3064 ρ’

239 3150 323 3213 tiam
349 3153 494 3234 protulit
519 3152 681 3236 judicans
707 3153 744 3216 in
773 3152 934 3230 delectn3
968 3151 1187 3215 constabula-

241 3250 359 3332 rioque
384 3251 540 3316 Franciae
564 3272 646 3316 mox
677 3253 852 3334 praecepit,
877 3257 916 3314 ut
942 3250 978 3312 in
1004 3270 1108 3315 manu
1131 3271 1187 3314 ar·

240 3357 335 3414 mata
380 3353 613 3433 proficiscens,
651 3352 814 3416 ducatum
856 3351 1056 3433 Aquitaniae
1094 3351 1187 3432 regis

242 3449 454 3514 Francorum
495 3453 633 3516 nomine
663 3458 861 3535 occuparet,
892 3458 1099 3533 caperetque
1131 3450 1187 3514 vel

240 3550 429 3633 expelleret
459 3571 695 3634 quoscumque
727 3573 793 3635 per
821 3571 936 3633 regern
969 3550 1108 3632 Angliae
1145 3549 1187 3612 il-

240 3650 305 3716 lius
338 3652 503 3716 custodiae
526 3653 722 3735 deputatos.
775 3651 951 3734 Siquidem
976 3651 1081 3734 paulo
1106 3657 1187 3714 aute
1201 3669 1347 3756 replendus

241 3753 381 3816 miserat
410 3753 494 3816 illuc
521 3773 582 3817 rex
615 3752 753 3834 Angliae
785 3752 957 3816 loannem
987 3752 1029 3815 de
1059 3751 1188 3815 Sancto
1202 3721 1321 3840 illidito

240 3848 391 3942 deaque,
420 3854 562 3917 militem
587 3853 785 3928 discretum,
808 3853 843 3916 in
870 3852 974 3922 armis
998 3860 1188 3927 strenuum,
1202 3822 1323 3870 ‘mmmm'

241 3959 275 4015 et
305 3953 340 4015 in
371 3954 473 4017 rebus
497 3953 628 4017 bellicis
656 3953 907 4031 exercitatunr;
941 3953 1000 4034 qui
1029 3951 1189 4015 civitates

241 4057 276 4115 et
306 4059 421 4117 castra
453 4073 513 4135 per
545 4060 656 4117 toturn
688 4053 850 4117 ducatum
883 4055 1011 4135 optime
1043 4051 1190 4116 munivit

274 4206 290 4211 —
300 4206 557 4214 -1-——---—-.-..—
564 4203 676 4212 ...φ-
682 4205 728 4210 --..
735 4203 817 4210 ------
825 4204 852 4208 -.
859 4204 874 4208 .-
890 4204 902 4208 ..
908 4203 918 4208 ..
927 4201 1150 4209 -.....-.....-..--.—-—
1157 4201 1177 4206 *-

527 4300 535 4332 1
555 4303 630 4352 narr:
644 4299 798 4363 ‘arsendis
812 4303 893 4352 uss.
