3226 5020
602 491 785 540 Anninus.
1105 476 1171 540 333

218 647 429 730 Burdegaia,
456 643 678 713 ¹Risuncium'
710 655 968 731 pervenerunt3
1002 648 1061 711 ubi
1091 647 1168 711 red·

216 747 289 812 dita
318 750 368 813 eis
400 750 497 828 villa,
529 769 637 832 equos
666 768 748 813 suos
783 749 826 812 de
858 749 1005 814 navibus
1036 747 1168 812 eduxe-

217 855 307 912 runt.

267 948 397 1012 Eodem
417 954 569 1032 tempore
583 949 793 1027 wallenses
811 949 1029 1030 insurgentes
1045 955 1286 1012 contraimus

215 1067 343 1129 regem,
376 1049 412 1111 in
437 1048 583 1113 diversis
609 1050 766 1133 partibus
792 1049 947 1112 diversos
979 1048 1045 1111 sibi
1073 1015 1257 1129 prin-ww

216 1146 310 1230 cipes
328 1148 564 1230 praefecerunt.
610 1147 842 1232 Aquilonares
861 1148 964 1223 enim,
990 1148 1049 1229 qui
1073 1149 1166 1211 circa

215 1254 333 1328 partes
359 1247 576 1314 Snowdoniae
602 1248 772 1326 habitant,
796 1248 1016 1329 capitaneum
1038 1246 1167 1311 hahen-

216 1354 268 1410 tes
304 1355 339 1411 et
372 1349 492 1412 ducem
537 1349 718 1430 quemdam
753 1348 796 1411 de
839 1366 964 1429 genere
1000 1346 1165 1411 Lewelini

165 1480 170 1487 .
216 1446 381 1529 principis
415 1448 539 1524 ultimi,
575 1447 761 1512 Madocum
794 1447 943 1524 nomine,
973 1447 1094 1511 viliam
1130 1454 1166 1511 et

215 1554 366 1610 castrum
407 1547 449 1611 de
479 1546 688 1612 Karnervan
718 1548 1002 1626 combusserunt;
1037 1565 1165 1628 magua

215 1644 441 1728 Anglicorum
475 1646 708 1725 multitudine,
743 1647 803 1729 qui
833 1646 918 1709 nihii
950 1646 1020 1710 tale
1049 1645 1164 1728 suspi-

214 1754 334 1811 cantes
359 1746 402 1810 ad
423 1747 592 1811 nundinas
613 1753 789 1824 venerant,
821 1745 1011 1811 interfecta.
1065 1745 1165 1810 Occi-

215 1845 371 1910 dentales
395 1867 477 1911 vero
499 1847 707 1924 WaiienseS,
734 1846 922 1929 praeposito
951 1846 1016 1910 sibi
1034 1844 1164 1930 juvene

214 1946 363 2028 quodam
391 1946 583 2029 Maiigone,
614 1949 651 2011 in
681 1946 838 2030 partibus
870 1945 1096 2010 Penbrochiae
1129 1954 1165 2010 et

215 2045 455 2130 Kaermerdyn
486 2047 580 2110 maia
602 2048 750 2129 plurima
772 2054 1025 2130 perpetrarunt.
1078 2045 1163 2125 Qui-

214 2146 293 2210 dam
325 2147 429 2210 etiam
463 2146 657 2228 Morganus
687 2147 812 2223 dictuS,
849 2145 1047 2210 Wallenses
1081 2165 1162 2208 aus·

214 2245 319 2309 traies
343 2246 533 2323 concitans,
557 2246 718 2311 comitem
739 2244 938 2309 Gioverniae
955 2243 1163 2322 Gilbertum,

213 2346 274 2428 qui
310 2345 549 2427 progenitores
579 2365 662 2409 suos
695 2344 967 2408 exheredaverat
998 2344 1041 2407 de
1069 2352 1162 2408 terra

117 2467 121 2478 ⁴
213 2462 290 2522 sua,
324 2464 401 2527 quae
427 2437 660 2526 ²Glamorgau
695 2445 833 2520 dicitur,
866 2443 1001 2524 fugavit
1032 2449 1068 2507 et
1099 2464 1160 2507 ex·

213 2544 314 2627 pulit.
367 2544 448 2608 Rex
480 2544 619 2626 Angiiae
652 2544 816 2610 Waliiam
848 2543 1037 2626 ingressus„
1069 2543 1161 2607 Ead-

106 2681 110 2689 ·
214 2644 377 2707 mundum
409 2663 609 2726 germanum
645 2664 746 2709 suum
775 2652 810 2710 et
838 2643 1029 2707 Hauricum
1057 2645 1162 2707 comi-

212 2750 282 2807 tem
310 2743 512 2821 Lin'coiniae‚
538 2751 702 2826 parantes
728 2764 766 2809 se
792 2745 835 2808 ad
866 2744 1160 2808 transfretandum

210 2843 248 2907 in
274 2843 485 2909 Vasconiam
513 2864 591 2908 cum
614 2845 783 2922 exercitu,
805 2844 848 2908 ad
872 2863 910 2908 se
935 2844 971 2906 in
994 2843 1160 2908 Walliam

211 2945 400 3009 revocavit.
467 2944 603 3023 Quibus
635 2945 670 3009 in
699 2945 754 3008 die
788 2944 898 3009 sancti
929 2943 1076 3007 Martini
1101 2962 1160 3026 ap

210 3044 521 3127 propinquantibus
554 3044 696 3108 castello
725 3044 860 3109 comitis
894 3043 1084 3108 Lincoiniae
1117 3044 1159 3107 de

212 3143 372 3226 Dunbey,
394 3143 591 3209 Wallenses
621 3143 658 3207 in
690 3163 817 3226 magna
843 3143 971 3206 virtute
1002 3162 1160 3207 occurre-

211 3251 304 3318 runt,
321 3249 356 3306 et
371 3250 530 3307 conserto
544 3243 644 3324 gravi
661 3244 780 3326 praelio
797 3242 1007 3325 repulerunt.

261 3339 471 3408 Coelestinus
503 3362 606 3426 papa,
641 3362 678 3407 se
711 3343 824 3406 minus
857 3339 1081 3405 sufficientem
1114 3342 1156 3405 ad
1170 3361 1275 3422 captae
1286 3364 1311 3402 v.

180 3497 181 3502 ,
209 3441 394 3524 regendam
421 3443 600 3506 ecclesiam
628 3441 792 3518 sentiens,
816 3442 858 3505 de
883 3439 1027 3505 consilio
1050 3413 1298 3511 Bene-iiiiii&

208 3541 292 3606 dicti
312 3535 489 3627 ³Gajetani
517 3543 621 3606 cessit
650 3542 806 3624 papatui,
840 3541 934 3605 edita
956 3540 1053 3623 prius
1079 3560 1159 3604 con·
1225 3553 1229 3560 ·

207 3643 389 3707 stitutione
422 3661 527 3725 super
560 3641 715 3706 cessione
749 3641 949 3723 pontificum
983 3639 1159 3706 Romano·
1268 3706 1273 3712 ,

207 3761 295 3808 rum.
364 3743 540 3807 Rohertus
572 3740 615 3807 de
649 3740 880 3817 Winchelese,
907 3739 1029 3803 doctor
1051 3757 1160 3802 sacrae
1171 3755 1284 3794 nouenos

1171 3805 1304 3845 wincheim

209 3842 405 3924 theologiae,
431 3861 453 3906 a
478 3861 569 3925 papa
592 3840 782 3906 Caelestino
807 3838 1039 3916 confirmatus,
1066 3846 1101 3902 et
1124 3839 1160 3902 in
1170 3855 1305 3954 fflffip.

1171 3955 1307 4008 cauterbury.

244 4065 329 4113 'This
342 4064 366 4113 is
382 4062 446 4111 from
457 4062 504 4113 Ar.
540 4062 668 4111 ‘Risum-

206 4129 296 4193 cium3'
310 4135 370 4182 God.
383 4133 447 4194 Reg.
730 4127 741 4158 ³
757 4125 1160 4194 ‘Gagetani3'Cod.Reg.:‘Gaie-

242 4202 329 4252 'This
348 4204 370 4252 is
387 4203 450 4250 from
462 4201 510 4261 M„
528 4201 626 4251 instead
645 4200 674 4249 oi
696 4201 748 4249 tani
756 4195 772 4262 ¹;’
784 4199 832 4252 Ar.

205 4269 395 4336 ‘Glomorgan‚'
410 4273 470 4321 Cod.
484 4273 548 4334 Reg.
