3226 5020
428 483 493 548 266
783 496 854 542 ruc.
871 493 1018 540 sarvam

428 653 478 716 ito
507 651 614 716 fluvio
640 650 747 734 juxta
776 650 940 733 oppidum
973 649 1064 732 quod
1095 649 1222 714 dicitur
1252 643 1383 750 'Oliva

429 753 522 815 viam
547 751 664 815 comiti
686 770 808 815 versus
829 751 950 826 filium,
969 750 1028 832 qui
1048 759 1122 814 erat
1145 751 1181 813 in
1203 759 1319 814 castro
1339 750 1383 812 de

430 849 680 944 Keniluterthe,
698 843 844 933 ²filiique
864 849 906 914 ad
929 858 1074 933 patrem,
1097 869 1175 913 cum
1198 868 1262 914 suo
1285 868 1382 913 exer-

429 952 500 1015 citu
525 950 731 1014 interclusit.
777 949 820 1012 Iu
841 950 996 1014 erastino
1018 968 1100 1013 vero
1126 949 1383 1033 appropinqua·

429 1051 480 1114 vit
494 1050 623 1132 oppido
641 1048 857 1113 Eveshamiae
874 1066 918 1111 ex
933 1056 1033 1130 parte
1048 1065 1130 1123 uua,
1145 1056 1383 1132 veneruntque

430 1169 474 1214 ex
503 1149 637 1213 duabus
663 1148 820 1231 partibus
846 1147 926 1210 aliis
946 1166 1061 1212 cemes
1085 1146 1285 1212 Gloveruiae
1305 1167 1384 1211 cum

431 1249 506 1312 acie
532 1267 607 1326 sua,
628 1257 665 1312 et
692 1247 853 1328 Rogcrus
876 1246 920 1310 de
944 1247 1193 1311 Mortuo-mari
1219 1267 1298 1311 cum
1321 1266 1386 1310 sua

431 1356 556 1426 turma,
584 1349 635 1412 ita
666 1355 705 1413 ut
735 1365 851 1411 comes
888 1345 1085 1410 Leicestriae
1118 1346 1270 1429 undique
1305 1366 1384 1410 con-

432 1448 549 1512 clusus
568 1465 709 1511 necesse
729 1445 887 1512 habuerit
909 1446 964 1510 vel
982 1465 1020 1510 se
1040 1453 1230 1528 spontanee
1250 1445 1386 1523 dedere,

331 1581 367 1611 00
433 1547 488 1611 vel
516 1566 594 1611 cum
624 1547 701 1610 istis
731 1546 851 1628 praelio
882 1545 1066 1608 decertare.
1125 1539 1248 1609 ³Feria
1277 1546 1386 1626 igitur

271 1634 328 1732 alf
367 1649 387 1710 0'
434 1655 547 1723 sexta,
582 1665 661 1728 quae
695 1646 794 1708 nouis
827 1644 980 1726 Augusti
1010 1645 1169 1726 contigit,
1201 1652 1386 1709 occurrunt

290 1733 344 1762 ‘¹⁰⁸‘
367 1733 384 1811 ῐἰ
434 1745 500 1809 sibi
528 1746 630 1809 ambo
663 1745 837 1808 exercitus
869 1745 905 1806 iu
934 1761 1058 1826 campo
1088 1751 1190 1808 extra
1222 1744 1387 1827 oppidum

434 1846 601 1928 spatioso,
628 1844 687 1907 ubi
710 1843 915 1926 gravissimo
941 1852 1100 1907 conserto
1132 1841 1252 1926 praelio
1280 1840 1387 1926 coepit

434 1963 517 2027 pers
544 1943 681 2008 comitis
711 1943 941 2018 succumbere,
973 1943 1045 2024 qui,
1066 1950 1261 2024 aggravato
1285 1963 1390 2025 super

435 2061 513 2107 eum
541 2043 692 2126 pondere
716 2043 837 2125 praelii,
864 2042 992 2105 ibidem
1021 2042 1147 2106 cecidit
1175 2042 1389 2107 interfectus.

436 2142 644 2208 Ceciderunt
671 2143 706 2206 iu
729 2161 771 2206 ea
797 2161 916 2224 pugna
940 2141 1068 2205 milites
1092 2141 1277 2206 vexilliferi
1302 2143 1388 2206 duo·

437 2244 558 2320 decim,
582 2240 743 2306 videlicet
770 2241 945 2306 Hauricus
973 2240 1065 2305 filius
1090 2241 1177 2325 ejus,
1201 2241 1328 2306 Petrus
1346 2242 1389 2306 de

437 2342 668 2416 Monte-forti,
701 2341 810 2424 Hugo
841 2341 885 2405 de
918 2339 1153 2423 Dispensariis
1176 2341 1389 2425 justitiarius

436 2441 588 2525 Augilas,
611 2441 808 2506 Willelmus
831 2441 874 2506 de
901 2441 1152 2518 Maundevilla,
1181 2440 1390 2524 Radulphus

436 2541 599 2618 Basseth,
625 2540 804 2605 Walterus
831 2541 874 2605 de
902 2541 1098 2624 Crepyuge,
1122 2539 1319 2604 Willelmus
1346 2539 1389 2604 de

437 2641 606 2718 Eboraco‚
646 2640 823 2704 Robertus
859 2641 903 2704 de
935 2633 1125 2721 *Treggom
1163 2639 1317 2704 Thomas
1348 2639 1391 2704 de
1426 2675 1430 2684 ·

438 2741 598 2817 Hostele,
631 2739 785 2803 Joaunes
822 2740 865 2803 de
896 2733 1163 2822 ⁶Bello-campo,
1195 2737 1312 2804 Guido
1346 2741 1390 2804 de

439 2839 601 2916 Balliolo,
625 2838 786 2920 Rogerus
812 2839 855 2901 de
882 2838 1037 2918 Roules;
1072 2839 1132 2902 alii
1159 2858 1297 2922 quoquc
1325 2840 1389 2902 mi-

439 2939 532 3002 noris
560 2936 688 3018 gradus
713 2939 750 3001 iu
775 2937 995 3001 multitudine
1021 2957 1160 3020 magua,
1183 2957 1261 3002 cum
1284 2939 1390 3002 scuti-

439 3038 587 3101 ferorum
629 3045 664 3100 et
701 3035 867 3120 peditum,
904 3047 939 3101 et
975 3039 1126 3102 maxime
1163 3036 1391 3114 Galleusium‚

439 3155 580 3201 numero
613 3138 804 3202 excessivo.
856 3137 1059 3214 EdwarduS,
1082 3138 1213 3220 potitus
1235 3139 1393 3214 victoria,

440 3237 617 3302 monachis
641 3235 734 3300 illius
757 3236 824 3300 loci
849 3243 929 3318 post
954 3237 1111 3319 praelium
1137 3236 1327 3313 mandavit,
1353 3245 1393 3300 ut

441 3357 587 3420 corpora
609 3337 861 3412 defunctorum,
885 3345 921 3400 et
937 3337 1111 3419 praecipue
1130 3337 1312 3420 maj0rum,
1335 3336 1392 3401 de·

441 3445 558 3502 center
583 3437 717 3501 humari
743 3443 913 3500 curarent.
966 3435 1132 3500 Interfuit
1159 3444 1274 3501 autem
1295 3430 1391 3518 ⁶per·

440 3537 605 3601 sonaliter
627 3536 783 3619 exequiis
807 3535 953 3599 Henrici
974 3536 1017 3599 de
1041 3535 1271 3614 Monte-sorti,
1291 3555 1391 3618 quem

440 3648 540 3719 pater
561 3636 637 3720 ejus
660 3656 721 3699 rex
745 3635 904 3699 desento
927 3653 1026 3698 sacro
1053 3634 1243 3712 levaverat,
1264 3645 1300 3699 ct
1316 3637 1393 3717 ipse

440 3756 555 3800 secum
579 3737 746 3800 nutritum
775 3753 796 3798 a
823 3753 931 3816 puero
952 3734 1168 3798 familiariter
1194 3735 1390 3815 dilexerat3

440 3837 539 3921 cujus
556 3837 658 3900 ctiam
677 3835 789 3898 funeri
807 3834 934 3898 dicitur
951 3834 1123 3917 lacrymas
1141 3835 1362 3917 impendisset

475 4060 482 4088 ¹
500 4062 594 4111 ‘Olive
603 4056 619 4120 ;’
630 4062 671 4110 M.
962 4058 973 4088 ⁵
989 4061 1183 4122 ‘Campo-bello
1191 4057 1206 4123 ς’
1218 4057 1286 4112 D'A.

474 4129 485 4160 ²
500 4131 626 4191 ‘filiisque
636 4126 650 4191 ς’
662 4131 702 4178 M.

372 4231 378 4245 .
474 4199 484 4228 ³
500 4201 593 4248 ‘i'eria
605 4213 664 4248 vero
675 4195 826 4261 tenia3'll1.
964 4198 975 4230 ⁶
990 4201 1052 4250 This
1063 4201 1134 4250 word
1146 4202 1169 4249 is
1179 4200 1242 4250 from
1256 4201 1317 4252 Au:
1335 4203 1395 4251 Cod.

474 4268 484 4299 ⁴
501 4270 612 4331 ‘Tregor
622 4265 637 4329 ς’
649 4265 717 4319 D’A.
931 4271 995 4332 fleg.
1008 4271 1055 4320 hes
1066 4268 1274 4332 ‘principalitas'
