3180 5026
582 515 762 566 annuens.
1104 502 1146 567 21

194 667 492 757 Symplyngham‚¹
512 673 702 738 institutor.
754 671 911 750 Quorum
934 675 1066 754 primus
1086 674 1144 740 lit-

194 781 347 838 terarum
366 774 511 838 scientia
528 774 707 855 praeditus,
725 781 805 855 post
819 772 1027 836 laudabilem
1043 771 1144 839 officii

192 875 379 956 pastoralis
394 871 724 937 administrationem
742 871 842 936 annis
864 871 1021 954 plurimis
1044 893 1144 938 exer-

194 973 314 1051 citam,
330 972 567 1056 preeclaraque
587 973 727 1055 pietatis
744 990 861 1053 opera,
878 991 955 1036 cum
973 971 1047 1055 jam
1073 972 1144 1038 fere

195 1073 374 1154 expletum
396 1073 529 1137 militiae
553 1091 626 1136 suae
644 1078 779 1154 tempus
796 1071 950 1148 sentiret,
967 1071 1143 1153 resignato

194 1171 326 1236 honore
351 1178 387 1236 et
410 1191 583 1236 excusans
609 1191 647 1236 se
670 1173 714 1235 ab
739 1190 853 1247 onere,
877 1170 970 1253 apud
995 1169 1141 1236 Pontem

196 1271 362 1336 Fractum
396 1272 487 1335 inter
520 1270 759 1335 cluniacensis
790 1269 920 1334 ordinis
954 1269 1141 1335 monachos

194 1370 336 1435 ultimos
351 1371 434 1435 vitae
452 1371 525 1434 dies
541 1370 671 1452 exegit.
712 1363 827 1446 'Alter
842 1388 924 1434 vero
948 1368 1140 1448 Gilbertns,

195 1470 332 1534 eximiae
359 1471 413 1536 vir
445 1470 633 1552 religionis,
659 1471 696 1533 in
727 1468 998 1550 feminarumque
1024 1476 1139 1534 custo·

194 1569 254 1633 dia
269 1571 391 1651 gratiae
408 1569 593 1651 singularis
620 1571 664 1634 ab
689 1568 934 1644 adolescentia,
959 1574 999 1632 ut
1020 1569 1139 1647 fertur,

192 1669 334 1752 propria
366 1688 435 1734 non
464 1676 648 1734 contentus
677 1669 802 1744 salute,
834 1666 1074 1732 lucrandarum
1103 1670 1139 1733 in

192 1763 292 1832 Dno³
307 1768 498 1833 animarum
520 1768 594 1833 nelo
615 1767 758 1850 ignitus,
774 1767 993 1832 infirmiorem
1017 1787 1139 1833 sexum

191 1870 300 1952 coepit
338 1868 542 1952 propensius
574 1868 742 1944 aemulari,
779 1867 872 1931 omui
909 1867 1139 1932 aemulationis

192 1969 260 2052 piae
282 1987 370 2032 ausu
395 1975 533 2051 sumpto
557 1987 602 2032 ex
627 1987 784 2050 supernae
806 1967 928 2048 gratiae
951 1965 1088 2045 fiducia,
1104 1975 1140 2032 et

191 2068 405 2132 conscientia
419 2067 567 2150 propriae
589 2059 787 2142 castitatis*
838 2065 995 2149 Cumque
1013 2069 1139 2150 coeptis

191 2168 267 2252 ejus
281 2169 383 2234 favor
396 2166 572 2232 videretur
594 2165 745 2231 arridere
763 2166 923 2244 Divinus,
939 2167 1070 2231 veritus
1095 2187 1139 2232 ne

188 2268 278 2333 forte
295 2269 332 2332 in
342 2286 491 2333 vacuum
507 2274 660 2332 curreret
674 2273 736 2331 aut
752 2266 971 2342 cucurrisset,
983 2267 1013 2329 si
1028 2285 1138 2330 erum·

186 2374 325 2450 pentem
348 2367 459 2432 zelum
485 2366 696 2431 moderatrix
722 2366 867 2430 scientia
887 2385 955 2429 non
972 2365 1138 2444 condiret,

190 2467 484 2533 clarevallensem
528 2466 687 2530 abbatem
737 2468 875 2530 beatum
923 2463 1138 2528 Bernardum

189 2566 384 2632 adeundum
402 2561 564 2643 ³censuit,
580 2565 678 2650 cujus
692 2565 823 2629 salubri
839 2564 1043 2628 informatus
1059 2583 1137 2628 con-

187 2667 278 2744 silio,
300 2668 393 2732 etin
415 2667 594 2749 proposito
615 2666 807 2744 roboratus,
829 2670 929 2729 tanto
949 2663 1138 2729 ferventius

188 2774 322 2850 quanto
337 2765 564 2831 confidentius
585 2765 652 2848 piis
666 2765 791 2848 coeptis
806 2764 966 2828 insistere
981 2784 1051 2828 non
1066 2783 1139 2828 ces-

187 2867 292 2932 savit.
325 2859 573 2948 ⁶Prosperatus
586 2871 701 2930 autem
712 2871 765 2928 ast
777 2865 814 2928 in
825 2863 878 2927 his
892 2882 970 2945 quae
983 2865 1139 2945 gerebat,

192 3125 288 3191 proved
305 3127 340 3188 by
359 3124 492 3187 Eugenius
512 3124 577 3185 HL,
592 3123 653 3172 died
676 3123 714 3174 St.
726 3123 827 3174 Gilbert
841 3125 864 3174 is
875 3123 1018 3186 frequently
1028 3123 1141 3172 denomi-

192 3197 344 3259 119⁰,aged
355 3198 414 3256 1⁰6,
427 3193 477 3243 and
493 3208 548 3242 wus
563 3208 654 3243 canon·
677 3194 763 3244 nated.

191 3267 250 3316 ized
265 3268 300 3326 by
315 3266 438 3314 Innocent
459 3263 513 3312 111.
534 3265 562 3311 in
580 3266 653 3313 1202.
713 3261 911 3314 “venerabilis
935 3262 1068 3313 Gilbertns
1099 3263 1139 3311 vir

192 3338 231 3387 At
241 3336 283 3385 the
294 3337 354 3385 time
370 3334 399 3383 of
413 3334 455 3383 the
467 3333 617 3382 dissolutior
628 3334 658 3382 of
677 3333 752 3393 plane
775 3334 898 3384 mirabilis
919 3338 945 3381 et
969 3333 996 3381 in
1022 3333 1138 3382 custodia

191 3406 355 3456 monasterias
373 3404 444 3453 there
461 3417 529 3452 were
546 3407 654 3464 twenty·
677 3402 827 3452 feminarum
846 3403 935 3465 gretiae
954 3403 1100 3462 singularis,
1122 3416 1139 3450 a

188 3492 237 3526 one
253 3476 346 3525 houses
361 3473 391 3522 of
405 3473 556 3534 Gilbertins,
566 3473 653 3522 excln-
677 3487 727 3533 quo
743 3473 805 3521 ordo
819 3472 1037 3534 Simpligamensie
1053 3485 1139 3531 sump-

190 3549 246 3597 sive
256 3547 285 3595 of
292 3546 335 3594 the
345 3548 436 3606 parent
450 3544 535 3605 priory
546 3542 575 3591 of
583 3543 653 3592 Sem·
677 3542 711 3590 sit
722 3543 863 3602 exordium,
872 3545 998 3591 etstatum
1006 3541 1139 3601 celebrem,

188 3615 332 3679 pringham.
367 3613 422 3662 'l'he
437 3613 504 3662 male
519 3612 613 3662 houser
627 3613 656 3661 of
677 3612 753 3661 celeri
764 3626 822 3661 cunr
831 3611 954 3674 profectu.
972 3610 1025 3659 Hic
1036 3610 1069 3660 ab
1076 3610 1138 3660 ado·

187 3687 232 3736 the
242 3685 317 3734 order
325 3682 443 3732 followed
453 3682 496 3731 the
506 3683 562 3731 rule
572 3681 602 3730 of
615 3683 652 3732 St.
676 3676 813 3742 tercentis:
824 3686 872 3731 etc.
883 3696 890 3742 ;
901 3679 949 3730 Ar.

189 3755 355 3818 Augustine3
377 3752 420 3801 the
442 3751 532 3801 female
554 3752 609 3801 that
627 3752 656 3800 of
710 3747 876 3811 ³‘Christos
887 3750 935 3800 Ar.

190 3828 228 3876 St.
244 3821 449 3885 Benedict,with
468 3835 537 3871 some
556 3822 652 3883 special
713 3816 792 3870 “Ad
810 3822 886 3870 istum
904 3821 994 3870 beatus
1009 3819 1138 3868 clareval-

189 3895 355 3946 restrictione.
391 3893 441 3940 For
453 3890 548 3950 which,
558 3891 652 3941 witha
676 3888 754 3939 lenuis
775 3892 854 3940 abbas
870 3891 1016 3938 Bemardua
1031 3889 1064 3937 de
1083 3904 1139 3951 per·

189 3969 382 4025 contemporary
392 3961 447 4022 life,
462 3974 505 4009 see
522 3960 652 4022 Dugdale,
676 3958 783 4010 lectione
794 3965 820 4009 et
830 3959 974 4011 obedientia
984 3958 1137 4021 regularium

188 4038 217 4085 ii.
242 4037 301 4094 696,
322 4037 349 4080 et
369 4045 440 4092 seq.;
461 4031 516 4079 also
535 4031 561 4078 in
580 4031 652 4079 Hen-
676 4029 807 4090 epistolam
815 4030 941 4091 quandam
952 4029 1054 4088 scripsit
1065 4023 1079 4088 ;‘
1091 4027 1138 4079 Ar.

187 4101 368 4156 scheniusand
376 4100 520 4163 Oapgrave,
532 4101 600 4149 Acta
606 4101 651 4151 SS.
676 4098 738 4147 ’l'his
753 4101 844 4160 epistle
859 4100 882 4148 is
897 4103 941 4147 not
953 4102 1041 4147 extant
1057 4098 1082 4146 in
1101 4099 1138 4148 St.

186 4176 251 4224 Feb.
263 4177 288 4222 t.
677 4168 800 4218 Bernard.

225 4234 652 4304 ¹‘Simpligamensis;'‘Sympling-
712 4235 723 4267 ⁶
738 4232 879 4300 ‘putavit3'
893 4236 938 4286 Ar.

184 4307 270 4374 ham;'
283 4307 350 4361 ΠΛ.
379 4309 468 4359 Under
480 4308 564 4358 which
579 4323 651 4357 name
712 4305 774 4357 ⁶Et
801 4309 868 4358 sicut
889 4307 921 4355 de
953 4305 1031 4355 nobili
1062 4306 1139 4367 patri·
