3204 5028
424 525 489 590 132
776 544 848 592 rue.
872 542 1020 590 ruivurr

263 723 364 763 rnem-
427 702 521 782 gium
538 721 647 785 usque
664 701 798 780 Achon,
815 711 851 767 et
864 704 912 767 ibi
929 702 1144 766 morantibus
1162 703 1197 765 in
1215 703 1378 766 tabernis

264 773 374 863 iiiiiiu.
428 801 527 880 Quos
545 822 622 866 cum
645 823 706 886 per
728 804 970 868 mediationem
985 804 1077 884 regis
1093 801 1264 866 Gnidouis
1281 820 1379 864 revo-

427 920 507 966 care
528 922 598 966 non
621 912 749 985 posset,
767 923 830 966 rex
848 903 1020 966 Ricardus
1038 903 1082 966 ad
1100 903 1290 966 exercitum
1305 901 1379 983 ipse

426 1001 509 1065 illuc
525 1002 711 1084 profectus,
726 1011 762 1068 et
780 1001 1013 1067 efficacissime
1027 1004 1168 1067 verbum
1185 1001 1314 1064 faciens
1335 1001 1379 1064 ad

428 1102 594 1183 populum
623 1102 666 1166 de
688 1102 755 1166 fide
780 1110 815 1167 et
840 1122 901 1185 spe
935 1122 1013 1185 quae
1041 1103 1078 1165 in
1110 1101 1223 1166 Dnuu
1250 1107 1315 1176 est,
1347 1108 1382 1164 et

430 1193 666 1283 ¹peccatorum
689 1201 888 1266 remissione
911 1201 1095 1265 dummodo
1118 1201 1289 1284 peregrini
1307 1200 1380 1263 fue-

430 1301 499 1364 rint
520 1321 589 1364 non
612 1301 695 1378 ficti,
718 1302 990 1385 quamplurimos
1010 1303 1054 1365 ab
1072 1298 1196 1365 Achon
1210 1300 1379 1382 usquead

428 1393 582 1483 ²Joppen
598 1421 714 1464 secum
730 1401 879 1465 reduxit.
927 1401 1007 1480 Quo
1025 1402 1129 1464 etiam
1148 1401 1286 1482 reginas
1302 1419 1380 1463 cum

429 1500 552 1582 puellis
568 1501 756 1578 transtulit,
771 1506 902 1582 septem
918 1501 1044 1564 ibidem
1061 1501 1104 1563 ad
1122 1501 1383 1564 coadunandum

429 1608 564 1680 gentem
581 1620 796 1665 commorans
813 1601 1025 1683 septimanis

266 1719 391 1760 iuventae
480 1699 569 1764 Cum
586 1708 701 1764 autem
716 1701 771 1764 die
784 1700 946 1782 quadam,
961 1720 1038 1764 cum
1054 1700 1270 1782 paucissimis
1281 1700 1380 1763 fami-

266 1770 397 1811 ΝΜ
429 1799 580 1876 liaribuS‚
599 1819 677 1863 eum
694 1800 888 1864 falconibus
914 1801 985 1864 suis
1008 1799 1197 1882 spatiatum
1220 1818 1379 1879 egressus

430 1904 534 1976 esset,
551 1918 596 1962 ex
612 1899 735 1964 itinere
751 1899 920 1981 fatigatus
938 1907 973 1964 et
990 1900 1118 1964 laboris
1141 1906 1321 1981 pertaesus,
1344 1899 1378 1962 iu

429 1997 507 2062 loco
539 1999 689 2081 quodam
713 2002 778 2063 sub
807 1999 888 2064 divo
916 2000 1101 2065 dormivit:
1138 2007 1173 2063 et
1198 2019 1277 2062 ecce
1302 2017 1381 2061 cum

429 2098 559 2180 impetu
591 2099 767 2164 irruebant
796 2098 914 2177 Turci,
947 2106 986 2163 ut
1017 2101 1131 2182 ipsum
1161 2099 1381 2182 comprehen-

429 2198 550 2262 derent
566 2199 811 2281 improvisum3
833 2199 950 2282 quiere
967 2199 1223 2264 advenientium
1241 2198 1380 2263 fremitu

430 2298 706 2381 expergefactae,
730 2319 856 2382 equum
878 2299 1045 2377 ascendit,
1068 2305 1103 2363 et
1124 2306 1283 2363 extracto
1306 2299 1381 2381 gla-

429 2398 487 2462 dio
502 2418 581 2462 enm
602 2399 685 2477 sule,
706 2399 831 2464 Turcis
851 2399 987 2462 obviam
1009 2399 1177 2482 procedit,
1198 2398 1384 2481 fugamque

430 2499 633 2563 simulantes
669 2500 863 2582 insequitur
896 2499 1021 2576 aerius
1054 2518 1164 2581 usque
1195 2500 1239 2562 ad
1269 2499 1382 2563 locum

428 2598 629 2662 insidiarum
645 2600 826 2681 ipsorum.
880 2599 982 2662 Unde
1015 2599 1131 2663 subito
1163 2606 1382 2680 erumpentes

429 2697 567 2779 plurimi
598 2718 714 2780 regem
739 2718 816 2762 cnm
846 2699 1063 2781 paucissimis
1092 2699 1164 2762 suis
1192 2698 1381 2762 circumde-

428 2796 564 2874 derunt,
597 2817 699 2880 quem
727 2806 810 2862 tunc
838 2799 988 2862 humano
1018 2798 1221 2861 destitutum
1248 2797 1379 2862 auxilio

430 2897 779 2979 comprehendissent,
800 2899 831 2961 si
852 2899 927 2982 ejus
945 2898 1083 2981 plenam
1100 2896 1258 2961 notitiam
1275 2897 1380 2960 habn-

430 2995 549 3060 issent.
586 2995 653 3059 Sed
668 3016 759 3074 ecce,
777 2996 921 3062 confuso
939 2999 1124 3062 certamine
1141 2996 1380 3062 contendenti-

431 3095 507 3172 bus,
529 3115 619 3159 unus
641 3097 812 3161 sociorum
835 3097 939 3179 regis,
962 3098 1100 3160 nomine
1115 3095 1310 3160 Willelmus
1325 3090 1381 3160 ³de

431 3193 604 3274 Pratellis,
623 3197 834 3262 exclamavit
848 3198 1012 3260 idiomate
1028 3195 1245 3273 Saracenico,
1268 3215 1305 3260 se
1327 3216 1381 3260 re-

430 3313 508 3374 gem
524 3315 600 3359 esse
616 3294 802 3360 affirmans,
845 3296 922 3361 xCui
940 3296 1045 3360 Turci
1060 3296 1250 3373 credentes,
1268 3297 1381 3378 ipsum

430 3393 643 3459 Willelmum
679 3395 962 3479 comprehensum
998 3395 1179 3460 confestim
1210 3395 1254 3459 ad
1283 3415 1382 3459 suum

430 3494 620 3559 exercitum
651 3495 867 3561 deduxerunt
898 3489 1102 3579 *captivum
1160 3495 1270 3558 Fama
1300 3495 1383 3559 facti

431 3595 633 3676 perveniens
667 3596 710 3659 ad
745 3596 948 3672 exercitum,
974 3596 1068 3677 ipsos
1096 3594 1139 3658 ad
1166 3613 1262 3659 arma
1289 3613 1382 3659 com-

431 3695 559 3773 movit3
584 3695 742 3776 quidum
765 3696 1031 3778 progrediuntur
1053 3713 1168 3776 regem
1191 3694 1383 3776 quaesituri,

431 3795 617 3859 revertenti
633 3802 829 3859 occurrunt.
881 3794 1053 3861 Abierunt
1069 3795 1159 3857 enim
1181 3792 1286 3857 Turci
1306 3794 1382 3857 lon-

432 3893 522 3972 gius,
545 3902 708 3975 putantes
730 3914 768 3958 se
789 3914 903 3976 regem
919 3893 1100 3970 adducere,
1118 3893 1218 3977 cujus
1234 3901 1384 3976 quatuor

433 3991 518 4054 socii
545 3992 580 4053 in
609 3993 700 4057 bello
729 3995 923 4058 ceciderant
952 3993 1134 4063 interfecti.
1188 3992 1275 4057 Post
1304 3992 1383 4072 hoo,

470 4147 477 4178 ¹
495 4152 543 4202 ‘de
554 4159 714 4214 peccatorum
721 4150 736 4214 ;'
749 4153 818 4205 D’A.
920 4153 968 4204 Ar.
1016 4155 1153 4237 brompton
1173 4157 1239 4238 calls
1261 4156 1313 4205 him
1332 4159 1384 4207 ‘de

468 4249 705 4317 ”ruffi
923 4223 1386 4358 Plblsstldfttlttlfu.

468 4353 480 4388 ⁸
496 4359 505 4386 ‘
513 4356 546 4406 de
558 4355 690 4407 Pratellis’
702 4359 794 4409 isfrom
801 4360 839 4411 M.
849 4361 897 4410 and
924 4364 975 4413 and
986 4363 1033 4414 Ar.
