3226 5020
610 505 792 555 aurnuns
1110 491 1175 556 255

219 682 337 747 scopo,
367 664 457 727 inter
493 661 700 729 Edwardum
720 671 758 727 ct
790 663 938 731 barones
970 663 1029 745 qui
1055 662 1172 728 villam

220 770 385 847 ceperant
411 761 559 828 induciae
582 770 664 828 suut
690 769 861 844 acceptae:
898 763 1023 844 quibus
1049 762 1176 828 duran-

221 863 325 941 tibus,
356 863 518 944 fugcrunt
539 863 600 944 qui
628 862 746 928 villam
769 869 942 944 ceperant,
971 864 1174 945 burgenses·

221 983 289 1046 que
305 983 344 1027 se
360 970 396 1028 et
410 981 475 1028 sua
492 955 711 1027 ¹dediderunt
727 961 910 1028 Edwardo.

273 1062 446 1127 Henricus
472 1081 535 1126 rex
562 1062 605 1126 de
632 1062 781 1126 Francia
804 1079 976 1138 reversus,
1000 1061 1174 1127 Oxoniam
1187 1080 1260 1128 neno

221 1163 375 1239 veniens,
411 1161 638 1244 personaliter
674 1162 841 1227 orationis
875 1162 990 1243 gratia
1017 1131 1335 1230 sanotamlllltfm

222 1263 308 1327 adiit
327 1255 601 1328 ²Frideswidam.
654 1259 819 1324 Armatus
837 1280 959 1343 nempe
981 1260 1047 1326 fide
1068 1270 1174 1338 recta,

223 1382 291 1426 non
323 1362 453 1428 veritus
482 1369 536 1426 est
565 1361 840 1443 superstitiosam
873 1360 1069 1442 opinionem
1099 1361 1175 1426 illo-

223 1481 297 1526 rum
321 1462 381 1544 qui
402 1467 528 1542 putant
548 1460 706 1526 illicitum
734 1460 872 1541 regibus
892 1459 1022 1524 intrare
1043 1460 1174 1537 villam,

223 1560 388 1628 ultionem
409 1561 446 1624 iu
476 1578 534 1624 eos
565 1559 698 1642 virgine
727 1566 919 1625 exercente.
986 1557 1042 1622 Ad
1073 1579 1174 1642 quem

224 1680 301 1724 cunr
337 1660 489 1724 venisset
521 1658 613 1724 lilius
652 1658 740 1742 ejus,
773 1659 967 1724 coadunato
1007 1661 1175 1736 exercitu,

222 1759 393 1842 disposuit
409 1758 526 1825 hostes
542 1757 578 1822 in
597 1777 701 1824 manu
716 1758 833 1826 valida
847 1757 1060 1840 propulsare.
1113 1759 1175 1822 In·
1226 1787 1228 1792 ·

222 1861 321 1924 terim
343 1858 601 1926 londonienses
618 1857 828 1941 justitiarios
850 1858 941 1939 regis
967 1865 1003 1922 et
1027 1859 1174 1924 barones

222 1958 265 2024 de
303 1958 478 2026 scaccario
519 1957 706 2040 capientes,
747 1957 878 2024 carceri
919 1957 1173 2039 manciparunt.

224 2057 304 2124 Rex
326 2077 409 2122 vero
430 2057 561 2123 habens
583 2075 698 2122 secum
722 2056 874 2122 illustres
895 2057 1080 2139 principes,
1110 2057 1174 2122 Ri-

223 2157 363 2222 cardum
389 2175 590 2238 germanum
617 2176 715 2224 suum
742 2175 859 2237 regem
891 2155 1106 2222 Alamanniae
1132 2177 1174 2222 ac

222 2257 329 2321 lilium
353 2276 452 2321 suum
482 2256 702 2333 Edwardum,
728 2255 1009 2337 Willelmumque
1036 2255 1079 2320 de
1102 2255 1173 2321 Va·

223 2356 338 2421 lentiis
365 2357 505 2424 tratrem
534 2356 720 2430 uterinum,
746 2355 1023 2437 clarissimosque
1047 2354 1173 2420 milites

222 2455 245 2522 J
248 2475 394 2520 oannem
413 2455 547 2538 Gomyn
561 2455 605 2520 de
624 2455 743 2521 Scotia
762 2474 841 2522 cum
861 2453 1077 2520 multitudine
1092 2453 1173 2519 Sco·

223 2564 350 2632 torum,
361 2555 385 2621 J
387 2575 532 2622 oannem
549 2555 591 2618 de
608 2554 758 2624 Balliolo
774 2554 947 2621 dominum
961 2546 1172 2632 ³Galwidiae,
1273 2603 1278 2612 ,

224 2656 416 2720 Rohertum
451 2655 494 2720 de
524 2655 617 2720 Brus
655 2654 830 2718 dominum
857 2652 1172 2731 Vallis-Anaudiae,

223 2755 400 2836 Rogarem
443 2754 486 2821 de
509 2747 683 2830 ⁴Clifford‚
724 2753 922 2836 Philippum
961 2753 1173 2831 Marmioun,

222 2854 394 2920 Joannem
426 2853 470 2920 de
490 2847 681 2929 ⁵Vallihus‚
698 2852 875 2934 Rogerum
909 2852 952 2916 de
981 2852 1172 2936 Leyhorne,

224 2953 413 3018 Henricum
447 2953 490 3018 de
523 2953 649 3036 Percy,
681 2953 879 3035 Philippum
907 2952 1069 3029 Basseth,
1100 2953 1172 3018 Ro·

223 3073 343 3134 gerum
376 3052 418 3117 de
447 3052 704 3130 Mortuo-mari,
736 3073 814 3118 cum
849 3053 1004 3117 exercitu
1032 3066 1291 3135 pregre-Trerus

224 3152 322 3216 diens
345 3151 461 3216 villam
486 3151 787 3235 Northamptoniae
807 3150 952 3227 obsedit,
972 3171 1075 3233 quam
1099 3117 1334 3216 Doffiiiofffnh‘

1185 3217 1227 3256 sud
1236 3227 1299 3265 many

225 3252 350 3316 minica
376 3251 412 3318 iu
435 3251 605 3319 Passione
630 3251 772 3316 effracto
799 3269 898 3314 muro
927 3251 1092 3316 intravit:
1119 3267 1296 3317 carmonen-

224 3353 343 3435 pitque
382 3351 418 3414 in
452 3351 515 3420 illa
545 3351 672 3418 milites
711 3349 923 3416 vexilliferos
955 3350 1172 3430 quindecim

225 3450 382 3516 videlicet
398 3450 581 3532 Symouem
595 3451 780 3534 juniorem,
800 3448 1012 3516 Willelmum
1029 3448 1071 3514 de
1090 3449 1173 3514 Fer·

224 3551 336 3627 rariis,
374 3549 517 3616 Petrum
567 3550 611 3618 de
659 3549 894 3624 Monte-forti,
934 3548 1174 3614 Baldewiuum

259 3791 268 3824 ¹
284 3797 293 3822 ‘
304 3792 428 3842 dederunt
437 3787 452 3853 ς’
464 3788 532 3844 D'A.
747 3788 758 3822 ⁸
774 3790 934 3842 ‘Galwediae
945 3785 960 3850 ;’
972 3792 1011 3840 Μ.

257 3859 514 3923 ’‘Foederwidam‘
528 3863 588 3912 coa.
602 3863 686 3924 Πομ
748 3855 1008 3922 “auratarum
1045 3859 1115 3910 Here
1134 3875 1174 3911 we

220 3928 464 3994 ‘Frideewydam3’
485 3932 533 3982 Ar.
581 3932 687 3982 Bucer's
712 3945 771 3992 may
788 3935 845 3980 note
862 3931 917 3979 that
935 3925 1103 3980 D’Acherius’
1121 3929 1175 3979 edi·

223 4004 283 4054 wife
300 4017 356 4052 was
376 4002 467 4052 buried
488 4003 515 4050 in
536 4002 579 4050 the
601 4001 686 4050 shrine
712 4001 764 4049 tion
784 4001 806 4048 is
824 4001 914 4050 almost
931 4001 1029 4061 always
1047 3999 1129 4061 faulty
1147 4001 1173 4049 in

222 4075 252 4123 oi
276 4075 313 4122 st.
338 4071 505 4133 Frideswide,
534 4072 561 4120 in
588 4070 687 4120 Christ·
713 4070 820 4133 English
831 4071 1175 4133 propernamas,andnames

222 4144 327 4204 chnrch,
348 4141 456 4202 Oxford‚
477 4141 540 4190 with
562 4141 613 4190 this
635 4137 687 4209 (al·
712 4139 742 4188 oi
760 4141 856 4202 places.
896 4141 943 4190 We
965 4140 1030 4189 hare
1051 4139 1175 4190 therefore

224 4219 288 4263 most
298 4208 443 4276 equivocel)
451 4211 608 4273 inscription,
619 4211 686 4262 ‘Hic
712 4211 796 4272 rarely
806 4210 907 4260 noticed
917 4210 957 4259 his
968 4210 1113 4261 variatione.

218 4285 306 4344 jacent
316 4282 417 4343 Religio
429 4285 454 4330 et
467 4276 632 4344 Superstitio!
747 4276 757 4308 ⁵
772 4281 916 4330 ‘Mollibus
927 4275 942 4340 ;’
957 4281 995 4329 M.
