3204 5028
598 512 786 563 ANNALES.

235 691 363 729 D.N..l.c.
433 692 457 730 1³.
469 694 632 732 Romanorum
646 697 672 734 li.
797 700 951 737 FRANGORUM
1005 703 1144 742 thomann

191 678 364 906 'ITXQ
379 782 570 819 claustralem.
594 785 729 822 FREDEthll
741 786 759 823 l.
797 785 908 822 PlilLlPPl
920 787 949 823 11.
1004 789 1108 828 alenam
1123 793 1142 830 1.

624 846 665 892 35.
677 846 719 893 38.
860 847 885 893 9.
1063 852 1086 900 l.

266 991 546 1056 Convenarum
568 1012 667 1074 reges
691 994 903 1060 Francorum
924 1003 959 1060 et
978 996 1168 1079 Anglorum
1183 1022 1311 1072 narras

217 1092 310 1174 apud
343 1086 530 1170 Druellos,¹
565 1112 670 1174 super
697 1094 921 1176 dispositione
951 1097 1084 1162 itineris
1115 1102 1169 1164 sui
1182 1073 1330 1170 illihic

216 1193 443 1272 collocuturi3
466 1193 525 1256 ubi
547 1192 658 1274 primo
681 1195 809 1258 turbati
831 1203 914 1260 suut
928 1197 1043 1262 animo
1058 1219 1170 1264 rumo-
1183 1174 1268 1213 m*

216 1293 313 1356 ribus
335 1292 462 1355 auditis
484 1292 527 1356 de
548 1299 658 1358 morte
678 1295 806 1376 reginae
835 1295 1005 1374 Franciae,
1025 1305 1061 1362 et
1082 1298 1170 1364 Wil-

216 1391 310 1454 lelmi
336 1392 429 1473 regis
456 1390 597 1476 Apuliae
622 1395 744 1459 sororii
772 1395 865 1476 regis
893 1395 1047 1462 Ricardi.
1099 1398 1170 1462 Re-

215 1492 351 1556 vocatis
381 1498 497 1554 tamen
529 1492 659 1557 viribus
692 1495 932 1573 condixerunt,
956 1503 996 1560 ut
1024 1504 1169 1580 uterque

214 1587 337 1674 regum
364 1591 401 1653 in
423 1600 549 1656 octava
571 1593 605 1656 S.
623 1592 647 1656 J
650 1595 772 1658 oannis
795 1593 966 1678 Baptistae
992 1615 1070 1660 cum
1096 1600 1169 1662 suis

215 1690 469 1755 verzelliacum
484 1691 716 1758 convenirent.

267 1791 464 1874 Imperator
493 1792 696 1856 Fredericus
725 1812 801 1856 cum
832 1793 1040 1878 imperatore
1070 1795 1168 1862 Grae·

214 1911 332 1956 corum
350 1892 386 1954 in
408 1893 624 1956 concordiam
639 1885 830 1970 'reductus
848 1896 994 1960 transito
1009 1889 1168 1962 ³Baffore

216 2014 278 2060 seu
294 1992 445 2057 Brachio
468 1992 504 2057 S.
519 1992 675 2075 Georgii,
691 1992 893 2058 Armeniam
907 1996 1064 2073 intravit,
1087 2017 1166 2080 quae

215 2095 343 2179 partim
370 2092 511 2156 ditionis
540 2092 935 2174 Constantinopolitanae
963 2102 1029 2172 est,
1058 2089 1166 2178 ⁴parti

215 2214 299 2260 vero
321 2193 464 2275 reliquae
486 2191 648 2275 praesidet
671 2193 842 2256 Soldanus
868 2193 999 2272 Iconii;
1028 2196 1088 2259 ubi
1104 2217 1166 2279 per

214 2295 396 2378 penuriam
418 2293 617 2357 victualium
643 2299 678 2356 et
701 2293 850 2357 insultus
880 2293 1030 2357 hostium
1061 2297 1166 2361 susti-

212 2396 291 2459 nuit
312 2394 441 2457 damna
465 2394 595 2456 multa:
629 2392 690 2456 sed
718 2411 796 2456 cum
818 2393 935 2456 omnia
958 2392 1097 2458 vincens
1121 2396 1164 2460 de

212 2495 372 2559 hostibus
386 2493 644 2575 triumphasset,
656 2492 693 2555 in
708 2493 858 2557 transitu
872 2491 1052 2575 cujusdam
1068 2493 1165 2560 fluvii

213 2595 414 2659 suffocatur.
461 2593 572 2656 Filius
590 2599 718 2669 autern,
733 2591 806 2654 dux
818 2592 967 2669 Sueviae,
982 2592 1085 2657 sunus
1102 2614 1164 2676 pa·

213 2703 349 2759 ternum
370 2693 493 2758 detulit
511 2712 620 2775 usque
642 2691 795 2774 Tyrum3
818 2711 887 2774 quo
905 2691 1031 2756 ibidem
1047 2695 1164 2775 sepul·

212 2803 261 2874 to,
281 2793 545 2870 Ptolemaidem,
566 2811 645 2876 quae
663 2799 698 2855 et
712 2791 836 2856 Achon
853 2792 990 2869 dicitur,
1008 2793 1164 2859 obsidere

210 2895 319 2979 coepit
337 2893 428 2958 infra
449 2899 609 2957 octavam
632 2890 892 2973 Assumptionis
910 2891 1067 2974 Virginis
1089 2895 1164 2976 glo·

212 2996 326 3059 riosac.
378 2993 557 3075 Principes
579 2999 696 3056 autem
715 2990 932 3056 Alamanniae
953 2986 1162 3061 ⁵Henricum

210 3095 320 3158 filium
338 3092 523 3170 Frederici,
536 3112 637 3174 quem
650 3091 695 3155 ad
708 3090 901 3155 custodiam
914 3091 1048 3173 imperii
1064 3101 1163 3174 pater

210 3195 410 3278 reliquerat,
440 3193 598 3276 eligendo
628 3192 664 3255 in
694 3197 875 3274 paternum
907 3191 1031 3255 solium
1058 3195 1162 3258 subli-

208 3302 360 3359 marunt.

259 3395 377 3476 Reges
401 3393 614 3457 Francorum
636 3399 671 3456 et
694 3390 899 3473 Anglorum,
922 3408 1000 3453 cum
1023 3390 1318 3516 Veraci-frosm&

208 3495 336 3559 liacum
354 3495 462 3578 juxta
483 3491 680 3556 condictum
702 3490 955 3566 convenissent,
983 3488 1096 3553 foedus
1119 3491 1162 3555 de
1174 3515 1240 3554 nana.

209 3595 276 3659 fide
299 3595 365 3658 sibi
381 3593 530 3658 invicem
548 3592 673 3674 ubique
689 3588 905 3655 observanda
924 3595 959 3651 et
976 3589 1162 3654 securitate

206 3702 330 3758 mutua
350 3698 595 3776 percusserunt
612 3712 620 3770 ;
644 3696 908 3770 statueruntque
930 3695 970 3752 ut
985 3690 1045 3771 qui
1065 3691 1162 3772 prius

208 3795 251 3859 ad
270 3795 446 3860 civitatem
469 3791 595 3856 Siciliae
612 3791 811 3855 Messanam
829 3789 1056 3872 pervenisset,
1073 3790 1161 3853 alte·

243 4041 251 4072 ¹
270 4039 319 4089 ‘ad
334 4039 428 4089 vadum
444 4037 526 4087 sancti
542 4031 671 4098 Remigii!
695 4027 764 4090 iore‚'
779 4033 918 4094 corruptly,
934 4045 963 4080 aa
979 4031 1002 4080 is
1017 4030 1108 4093 likely,
1121 4029 1160 4079 for

209 4114 294 4174 Roger
304 4109 333 4159 oi
340 4108 492 4171 Wendover,
503 4109 541 4157 iii.
553 4122 579 4168 p.
593 4109 633 4156 16.
696 4102 845 4164 ‘Bosphoro
850 4102 869 4164 ς’
886 4102 959 4150 llall.

731 4171 741 4202 ⁴
759 4173 767 4200 ‘
793 4167 890 4220 artim·'
902 4172 940 4219 M.

242 4211 252 4242 ²
271 4213 381 4262 ‘ductus
392 4207 406 4272 3'
421 4211 459 4260 Μ·
467 4214 491 4260 ³²
502 4208 550 4258 Af·
732 4239 742 4270 ⁵
759 4188 832 4290 ‘peist
843 4208 925 4290 Henri
936 4240 1053 4300 conquist
1065 4245 1159 4299 tanqua

242 4313 253 4346 ³
269 4314 391 4363 ‘Lifforio
401 4309 417 4375 ς’
430 4313 469 4364 Μ.
482 4316 506 4362 et
515 4310 576 4361 Aa:
596 4310 671 4360 ‘Bat-
698 4310 750 4361 ila
761 4310 811 4360 cite
823 4311 855 4361 de
868 4312 967 4373 Naples
975 4306 989 4369 ς’
1007 4311 1049 4360 Fr.
1060 4311 1103 4360 Tr.
