3204 5028
457 492 502 557 80
812 507 887 556 mc.
911 507 1059 556 rnrvnrr

404 660 407 664 ’
455 665 539 730 driae
552 666 744 743 firmitates,
760 684 847 748 quas
863 665 899 728 in
915 663 1132 730 Normannia
1147 671 1322 746 ceperant,
1337 666 1412 746 regi

293 1884 350 1924 John
359 1884 383 1923 of

292 1934 436 2033 aarum

454 765 594 847 Angliae
609 765 842 829 reddiderunt.

507 864 595 929 Post
609 864 735 928 festum
753 864 789 930 S.
806 863 830 928 J
832 863 954 928 oannis
971 862 1116 927 moritur
1131 861 1327 928 Almaricus
1345 883 1407 928 rex

455 963 663 1040 Jerusalem,
695 964 928 1046 successitque
959 962 1050 1026 filius
1083 962 1158 1046 ejus
1185 962 1407 1027 Baldewinus

455 1071 611 1146 quartus.
665 1062 761 1128 Obiit
783 1064 888 1127 etiam
918 1061 1119 1125 Noradinus
1148 1081 1210 1125 rex
1232 1061 1407 1144 Halapiae,

455 1170 490 1227 et
517 1162 684 1227 successit
709 1161 801 1225 filius
825 1161 913 1246 ejus,
938 1169 1041 1226 natus
1064 1177 1108 1224 ex
1131 1179 1249 1224 sorore
1272 1161 1407 1225 comitis

455 1261 489 1325 S.
508 1261 650 1343 AEgidii,
676 1281 780 1345 quam
805 1261 843 1324 in
868 1261 991 1324 itinere
1019 1259 1305 1342 lerosolymitano
1329 1279 1407 1342 cap-

455 1361 564 1425 tivam
590 1367 782 1443 acceperat.
834 1358 920 1442 Ipsa
942 1379 1026 1426 ,vero
1056 1366 1091 1422 et
1118 1358 1209 1423 filius
1235 1359 1322 1442 ejus,
1350 1378 1408 1423 ac-

454 1461 564 1543 ceptis
592 1460 738 1524 induciis
760 1478 781 1523 a
807 1478 889 1540 rege
911 1451 1106 1523 Jerusalem
1130 1477 1238 1541 usque
1261 1458 1306 1521 ad
1331 1477 1408 1540 sep·

455 1560 620 1636 tennium,
639 1560 870 1641 promiserunt
886 1558 918 1621 ei
935 1557 1118 1640 plurimam
1135 1576 1304 1620 summam
1320 1558 1405 1620 auri.

454 1656 680 1740 Saraguntat,
707 1657 877 1722 Noradini
903 1675 1022 1739 nepos,
1044 1650 1186 1720 ¹occidit
1213 1656 1406 1720 amiralium

456 1757 671 1840 Babyloniae,
703 1764 775 1821 tam
811 1756 1014 1838 Babyloniae
1046 1775 1150 1838 quam
1183 1753 1407 1819 Alexandriae

455 1856 615 1938 princeps
629 1855 752 1920 factus.
802 1853 826 1918 J
829 1873 958 1918 oannes
974 1854 1195 1932 OxoniensiS,
1217 1853 1408 1919 Saresbcri-

455 1954 549 2018 ensis
582 1955 745 2033 decenne,
780 1954 825 2019 ad
861 1954 1098 2038 episcopatum
1133 1953 1272 2035 eligitur
1313 1953 1405 2018 Nor-

293 2033 429 2073 otNoruicir.
491 2054 499 2069 ο

293 2552 443 2593 mammae
507 2525 746 2590 Faunaarous
785 2525 984 2607 imperator,
1022 2543 1099 2588 cum
1133 2542 1242 2587 uxore
1275 2541 1340 2586 sua
1372 2531 1408 2587 et

293 2613 395 2652 emperor.

455 2623 584 2700 liberis,
602 2623 823 2705 maximoque
846 2624 1014 2700 exercitu,
1035 2624 1072 2686 in
1096 2622 1237 2686 ltaliam
1253 2622 1407 2699 veniens,

455 2721 590 2786 obsedit
607 2720 879 2798 Alexandriam
907 2721 992 2785 nihil
1011 2721 1205 2804 proficiens,
1222 2720 1281 2785 sed
1297 2721 1408 2785 multa

457 2820 631 2884 sustinens
656 2820 874 2885 detrimenta.
927 2820 1029 2885 Circa
1049 2819 1198 2896 Pascha,
1225 2819 1288 2883 filii
1314 2821 1406 2902 regis

456 2916 650 3001 Anglorum
684 2919 857 3002 pacificati
886 2927 1055 2984 venerunt
1088 2919 1132 2982 ad
1165 2925 1311 3000 patrem,
1344 2920 1405 3001 qui

456 3024 591 3082 retento
616 3037 731 3084 secum
758 3018 913 3082 Henrico
937 3038 1031 3101 rege,
1057 3016 1245 3082 Ricardum
1266 3017 1408 3081 fratrem

457 3135 556 3180 suum
582 3118 677 3182 misit
705 3118 741 3181 in
769 3116 1014 3200 Aquitaniam
1046 3116 1241 3181 Galfridum
1266 3117 1407 3181 veroin

458 3215 685 3294 Britanniam,
707 3223 965 3298 procuratorem
990 3226 1091 3281 terrae
1114 3234 1186 3278 suae
1207 3213 1405 3278 Rolandum

457 3314 499 3379 de
523 3315 641 3379 Dinan
670 3315 779 3379 eidem
807 3315 1000 3397 assignans.
1048 3313 1231 3379 Frederico
1261 3313 1408 3396 impera-

458 3422 533 3479 tore
560 3413 741 3479 recedente
762 3414 806 3477 ab
829 3412 1057 3488 Alexandria,
1080 3420 1267 3477 tractatum
1292 3420 1346 3476 est
1365 3412 1408 3477 de

456 3533 542 3596 pace
562 3515 653 3577 inter
669 3513 843 3577 dominum
866 3532 992 3595 papam
1015 3521 1050 3576 et
1067 3513 1192 3595 ipsum,
1214 3511 1272 3574 sed
1296 3511 1408 3575 noluit

456 3614 644 3694 imperator
660 3613 738 3694 paci
756 3611 989 3693 adquiescere,
1005 3612 1071 3674 nisi
1089 3611 1282 3675 dirueretur
1300 3608 1407 3673 Alex-

457 3711 589 3794 andria,
617 3711 711 3793 quod
736 3710 924 3774 Lumbardi
950 3710 1063 3774 facere
1090 3715 1286 3792 renuerunt.
1339 3707 1407 3772 Re-

458 3811 586 3874 mansit
609 3816 724 3874 autem
751 3809 999 3891 imperatorin
1027 3811 1110 3872 urbe
1136 3808 1312 3890 Papiensi,
1337 3826 1407 3871 non

459 3916 600 3990 patente
630 3909 674 3984 ei,
708 3926 771 3990 pro
803 3908 916 3984 libitu,
946 3908 1046 3989 copia
1076 3906 1268 3972 recedendi.
1320 3904 1407 3970 Gal-

458 4007 567 4071 fridus
581 4006 653 4070 dux
671 4007 861 4070 Britanniae
879 4007 1057 4071 revocavit
1070 4008 1105 4070 in
1125 4007 1289 4070 ditionem
1308 4023 1406 4069 snam

459 4105 633 4169 Venetum
659 4113 694 4168 et
716 4103 960 4182 Pleasmelum,
990 4105 1100 4169 Aurei
1122 4103 1409 4187 medietatemque

501 4261 507 4291 ¹
520 4263 629 4313 ‘occidit
639 4262 800 4312 admiralium
812 4255 972 4327 Babyloniae,
982 4235 1071 4326 eatqne
1083 4262 1248 4313 Alexandriae
1257 4258 1273 4323 ς’
1289 4257 1358 4312 D'A.
