3226 5020
611 493 796 546 auriens.
1115 483 1181 547 335

229 655 368 729 montis
398 655 458 738 qui
491 653 578 717 illud
610 651 819 732 detinuerat,
847 675 924 719 cum
957 655 1036 720 aliis
1062 664 1178 721 custo·
1273 653 1279 664 ’

228 757 295 820 diae
324 755 558 838 mancipavit:
594 754 681 818 duas
711 756 816 820 etiam
845 757 964 838 galeas
989 756 1179 838 pulcherri-

229 875 316 932 mas,
343 875 431 938 quas
465 854 507 918 ad
539 855 712 919 munimen
745 857 840 920 urbis
867 877 930 922 rex
966 857 1179 923 Francorum

230 956 370 1033 fecerat,
393 955 430 1018 in
456 973 557 1018 usum
581 974 683 1020 suum
711 957 856 1039 accepit.
924 956 1007 1021 Non
1033 957 1179 1021 multum
1191 972 1326 1063 fpoegsqfh

229 1075 311 1120 vero
329 1063 409 1138 post
428 1055 562 1119 reddita
578 1062 631 1119 est
647 1054 804 1138 anglicis
822 1057 906 1120 vina
930 1057 1049 1121 sance
1066 1058 1178 1122 roan·
1217 1035 1228 1064 ⁰
1257 1035 1311 1073 ”⁸¹⁸
1330 1052 1334 1062 ·

230 1157 284 1219 nis
313 1157 356 1220 de
379 1156 518 1232 Sordes,
544 1155 741 1238 multasque
770 1157 858 1221 alias
883 1156 986 1222 villas
1012 1166 1178 1239 ceperunt

229 1264 264 1320 et
283 1257 512 1336 munitiones3
536 1255 741 1338 quibusdam
760 1277 798 1322 se
818 1265 942 1340 sponte
962 1257 1177 1336 dedentibus,

228 1357 434 1439 quibusdam
447 1356 616 1420 violenter
632 1357 807 1421 subactis:
824 1364 1015 1440 auctusque
1032 1366 1086 1421 est
1104 1356 1177 1421 An-

229 1456 397 1538 glicorum
423 1456 596 1520 exercitus
621 1456 658 1518 in
682 1457 789 1534 brevi,
810 1458 928 1521 multis
952 1457 1072 1521 fraude
1090 1456 1177 1521 Gal-

228 1556 372 1620 licorum
414 1557 556 1637 cognita
595 1555 640 1618 ad
676 1557 877 1622 fidelitatem
915 1557 1008 1639 regis
1039 1557 1177 1638 Angliae

229 1657 388 1733 reversis,
410 1657 443 1720 in
465 1663 617 1739 quatuor
635 1657 788 1723 millibus
812 1657 966 1741 peditum
990 1658 1177 1740 equitibus·

229 1777 296 1840 que
314 1757 479 1821 ducentis.

279 1857 360 1921 Rex
396 1855 533 1938 Angliee
566 1858 714 1922 transito
748 1857 889 1922 flumine
920 1859 962 1922 de
998 1856 1285 1923 Coneweieudward

1190 1926 1296 1965 advenres

229 1963 268 2020 ut
291 1956 436 2021 ulterius
461 1958 727 2040 progrederetur
743 1959 778 2021 in
795 1957 973 2032 walliam,
994 1977 1072 2022 cum
1096 1978 1179 2022 non·
1191 1976 1322 2022 araneae

229 2057 311 2120 dum
342 2063 437 2121 totus
471 2058 696 2122 comitaretur
726 2059 913 2135 exercitus,
948 2060 1059 2139 captis
1091 2059 1180 2139 bigis
1193 2027 1274 2066 Μ’

229 2163 265 2219 et
295 2158 452 2220 curribus
483 2158 691 2222 victualibus
721 2159 855 2222 onustis
885 2177 907 2220 a
934 2156 1181 2234 wallensibus,

228 2276 290 2338 per
320 2263 453 2340 tempus
484 2256 625 2338 aliquod
658 2259 803 2338 penuria
837 2263 1036 2336 coartatur3
1061 2257 1112 2320 ita
1142 2266 1182 2321 ut

227 2375 407 2439 quousque
425 2357 557 2420 veniret
580 2357 719 2420 adeum
742 2357 876 2442 reliqua
891 2376 972 2440 pars
994 2358 1180 2434 exercitus,

228 2465 353 2539 aquam
377 2457 477 2520 melle
500 2456 645 2520 mixtam
657 2457 803 2533 -biberet,
826 2475 983 2539 paneque
1009 2476 1087 2520 cnm
1110 2457 1180 2520 sal-

227 2557 275 2619 sis
297 2557 458 2620 oarnibus
486 2550 705 2620 vesceretur.¹
770 2556 895 2621 Comes
918 2555 1093 2633 Warwioi,
1117 2576 1178 2620 au-

227 2657 300 2720 dito
322 2657 413 2738 quod
439 2655 635 2720 Wallenses
662 2656 698 2719 in
723 2657 877 2720 maxima
898 2655 1118 2720 multitudine
1143 2657 1177 2718 in

228 2757 378 2839 quadam
403 2757 547 2839 planitie
577 2757 667 2820 inter
695 2755 765 2821 duo
796 2776 938 2820 nemora
963 2776 1001 2820 se
1027 2756 1177 2820 adunas-

227 2863 316 2933 sent,
338 2863 519 2939 assumpta
541 2875 658 2920 secum
681 2855 792 2921 electa
818 2855 943 2923 militia
969 2876 1046 2921 cum
1071 2857 1177 2921 balis-

227 2958 324 3021 tariis
348 2963 383 3021 et
415 2955 620 3039 sagittariis
648 2957 691 3021 de
714 2964 814 3021 nocte
840 2956 1086 3040 superveniens
1117 2977 1176 3021 eos

227 3057 378 3140 undique
400 3057 660 3134 circumcinxit3
685 3056 746 3139 qui
771 3055 851 3121 fixis
877 3058 912 3121 in
937 3063 1030 3120 terra
1046 3056 1175 3121 lanceis

226 3157 385 3239 cuspides
416 3158 451 3219 in
481 3157 678 3239 oppositum
711 3157 912 3221 irruentium
939 3157 1105 3238 dirigunt,
1137 3165 1176 3221 ut

227 3257 277 3320 sio
294 3275 332 3320 se
349 3257 393 3320 ab
412 3257 542 3339 impetu
561 3257 715 3338 equitum
732 3263 923 3322 tuerentur.
975 3257 1043 3320 Sed
1060 3276 1175 3320 comes

225 3357 316 3422 inter
340 3357 427 3421 duos
453 3357 587 3439 equites
612 3357 727 3439 posito
754 3376 822 3420 uno
847 3357 1039 3432 balistario,
1062 3375 1104 3420 ac
1123 3356 1176 3439 ja-

226 3456 313 3519 culis
338 3457 542 3520 balistarum
565 3475 693 3538 magna
725 3464 825 3539 parte
856 3476 988 3534 eorum,
1015 3456 1074 3538 qui
1102 3455 1178 3520 lan-

225 3575 304 3621 ceas
333 3557 510 3630 tenebant,
544 3556 740 3638 prostratis
768 3577 847 3621 cum
877 3564 992 3622 turma
1022 3557 1175 3638 equitum

260 3704 270 3737 ¹
286 3708 420 3769 ‘Cumque
430 3707 551 3756 heberent
561 3707 687 3756 modicum
714 3723 789 3757 unam
810 3713 836 3757 et
854 3709 961 3757 similem
980 3708 1075 3757 dietam
1095 3709 1176 3769 petie·

223 3777 286 3840 vini,
298 3779 342 3826 vix
357 3779 434 3827 unius
448 3778 547 3839 lagenae
565 3777 689 3826 ‘esemel
713 3793 769 3826 mur
783 3793 916 3839 quousque
931 3778 1052 3839 respiciat
1063 3793 1109 3827 nos
1120 3779 1176 3839 ipse

225 3848 362 3908 lum‚quod
370 3864 416 3910 pro
424 3863 484 3910 rege
493 3848 591 3896 salvare
601 3847 688 3896 decre·
713 3848 785 3896 Deus
793 3849 818 3896 in
830 3849 898 3910 elto3
910 3862 956 3896 nec
967 3849 1093 3908 praeficiar
1104 3850 1181 3898 vobis·

225 3922 321 3977 verant,
337 3933 387 3967 non
410 3918 541 3984 adquievit
556 3918 612 3979 ipse
633 3931 687 3978 rex,
713 3919 738 3966 in
765 3932 820 3977 esu,
843 3919 887 3978 qui
914 3918 1076 3967 coartationis
1105 3918 1176 3966 illius

225 3988 271 4035 sed
293 3989 338 4049 eit,
360 3988 475 4036 ‘Omnia
493 3989 520 4036 in
536 3987 687 4036 necessitate
712 3988 905 4049 origoetcausa
917 3985 990 4038 sum?
1009 3988 1085 4037 Hem.
1097 4002 1123 4049 p.
1134 3993 1174 4038 6⁷.

218 4057 316 4128 debent
326 4071 382 4107 esse
396 4058 548 4118 communia,
561 4061 587 4106 et
601 4071 687 4106 omnes

259 4179 270 4205 ⁸
286 4177 359 4224 More
371 4177 488 4238 properly
498 4176 673 4226 ‘costrellun1.'
698 4176 723 4224 Α
731 4175 832 4225 costrell
844 4186 898 4222 was
910 4187 926 4221 a
936 4171 1018 4220 vessel
1030 4173 1175 4233 containing

225 4246 316 4295 twelve
327 4245 428 4308 pounds
443 4247 525 4308 liquid
536 4263 542 4306 ;
560 4247 619 4296 here
631 4247 651 4294 it
662 4260 757 4308 means,
768 4246 793 4294 in
805 4261 822 4294 a
833 4258 900 4293 more
917 4241 1045 4294 indefinite
1063 4256 1145 4304 sense,
1159 4256 1175 4290 a

225 4317 307 4378 flegon
319 4330 347 4364 or
358 4320 441 4376 stoup.
