3170 5020
581 489 763 540 anninus.
1082 476 1148 542 385

196 648 258 712 rici
274 648 386 729 primi,
399 649 516 713 fratris
531 649 616 714 dicti
629 649 720 732 regis
735 649 901 714 Willelmi
917 648 1010 714 Rufi.
1042 650 1144 730 Item,
1158 667 1265 709 Edvm’s

197 747 361 812 Mathildi
378 750 599 832 imperatrici,
624 749 703 814 filiae
725 749 896 814 etheredi
919 749 1064 814 Henrici
1089 719 1260 820 astilit.

196 848 250 928 gis
270 849 437 931 praedicti,
461 849 574 915 David
599 868 661 912 rex
683 848 810 913 Scotiee
829 850 911 914 fecit
932 848 1142 932 homagium.

197 947 299 1024 Item,
314 948 510 1013 willelmus
526 969 589 1013 rex
602 949 784 1013 Scotorum
801 969 864 1031 pro
880 968 988 1031 regno
998 949 1142 1028 ‘Scotiaa

196 1054 232 1110 et
258 1048 372 1112 David
395 1048 487 1112 filius
519 1049 606 1132 ejus,
643 1049 786 1112 comites
808 1057 843 1114 et
871 1050 1018 1112 barones
1043 1050 1142 1132 regui

196 1145 336 1224 Scotiae,
359 1146 571 1213 devenerunt
595 1147 750 1213 homines
779 1149 936 1225 Henrici,
962 1148 1023 1211 filii
1049 1151 1141 1231 regis

196 1244 336 1327 Angliee
352 1248 497 1313 Henrici
513 1248 664 1324 secundi,
680 1248 716 1310 iu
737 1248 888 1312 crastino
908 1249 1141 1314 coronationis

196 1346 354 1427 praedicti
384 1347 541 1424 Heurici,
577 1347 640 1410 filii
674 1347 818 1411 Henrici
854 1346 1007 1425 secundi,
1043 1355 1142 1431 patre

197 1446 347 1523 vivente,
370 1453 405 1510 et
427 1446 627 1511 fidelitatem
653 1446 685 1510 ei
701 1446 909 1529 juraverunt
928 1455 1049 1512 contra
1071 1467 1143 1511 om·

198 1563 260 1608 nes
291 1545 457 1623 homines,
498 1546 596 1612 salva
622 1544 788 1610 fidelitate
817 1546 933 1611 debita
967 1547 1059 1629 patri
1094 1548 1143 1612 vi-

197 1645 304 1708 venti.

247 1744 376 1811 ‘Auno
398 1766 481 1812 vero
504 1747 666 1811 vicesimo
688 1745 786 1828 regui
812 1747 904 1828 regis
925 1747 1069 1810 Henrici
1092 1765 1145 1811 se·

197 1845 300 1908 cundi
323 1845 491 1929 praedicti,
512 1845 626 1910 dictus
650 1845 848 1911 Willelmus
872 1865 935 1910 rex
961 1847 1143 1911 Scotorum

199 1945 364 2010 rebellare
389 1946 555 2028 incipiens
577 1947 673 2011 veuit
695 1945 731 2009 in
758 1945 1043 2010 Northnmbriam
1065 1966 1143 2010 cnm

199 2045 353 2108 exercitu
392 2065 532 2127 magno,
567 2052 603 2109 et
634 2046 791 2109 exercuit
820 2045 856 2107 iu
890 2046 1021 2127 populo
1053 2057 1143 2108 stra-

199 2161 276 2223 gem
308 2163 481 2225 magnam.
539 2143 604 2208 Cui
637 2149 854 2208 occurrentes
885 2144 1011 2208 milites
1041 2146 1143 2208 comi-

199 2248 294 2305 tatus
314 2243 463 2307 Eboraci
487 2243 577 2326 apud
597 2242 759 2307 Alnewik
777 2244 891 2325 ipsum
915 2250 1088 2325 ceperunt,
1110 2251 1145 2307 et

197 2340 292 2405 dicto
314 2343 468 2407 Henrico
491 2343 563 2424 regi
589 2342 726 2424 Angliee
758 2341 989 2406 reddiderunt.
1043 2342 1145 2406 Anno

197 2443 367 2523 sequenti,
385 2442 654 2528 quinto-decimo
672 2441 834 2506 calendas
858 2441 958 2519 Maii,
972 2441 1062 2505 idem
1081 2462 1144 2506 rex

198 2539 394 2605 Willelmus
421 2543 608 2624 permissus
638 2548 692 2605 est
721 2541 828 2605 libere
858 2542 963 2605 abire.
1014 2538 1145 2606 Postea

199 2659 281 2705 vero
313 2640 506 2705 Eboracum
534 2661 625 2706 anno
652 2641 783 2718 eodem,
809 2641 957 2722 septimo
982 2635 1144 2705 calendas

199 2739 419 2823 Septembris,
450 2741 540 2804 idem
572 2741 769 2807 Willelmus
799 2760 862 2804 rex
890 2741 1071 2805 Scotorum
1102 2740 1144 2804 de

198 2859 367 2904 consensu
405 2841 640 2923 praelatorum,
679 2840 855 2916 comitum,
892 2847 927 2904 et
965 2842 1145 2916 baronum,

199 2958 391 3021 procerum,
414 2946 450 3004 et
478 2940 624 3004 aliorum
655 2947 854 3022 magnatum
884 2940 979 3022 regni
1006 2939 1146 3016 Scotiee,

200 3037 338 3103 domino
360 3059 424 3103 sno
445 3041 519 3121 regi
539 3038 690 3122 Angliee‚
714 3038 868 3103 Heurico
891 3040 962 3103 lilio
987 3038 1146 3103 Matildis

200 3137 428 3220 imperatricis
461 3138 648 3222 praedictae,
684 3139 765 3202 suis
790 3139 915 3202 litteris
947 3140 1146 3219 patentibus

200 3238 334 3302 cavisse
364 3239 530 3315 noscitur,
558 3238 650 3321 quod
674 3238 748 3320 ipse
777 3244 813 3300 et
839 3235 979 3301 heredes
1007 3244 1043 3301 et
1068 3256 1146 3300 suc-

200 3356 353 3401 cessores
386 3337 452 3414 sui,
483 3356 581 3419 reges
614 3337 752 3413 Scotiee,
788 3337 951 3419 episcopi,
992 3336 1147 3413 abbates

201 3437 343 3501 comites
358 3445 394 3502 et
410 3438 568 3514 barones,
583 3444 619 3501 et
637 3436 697 3500 alii
711 3435 865 3500 homines
887 3435 984 3518 regui
1010 3434 1147 3513 Scotiae,

202 3536 245 3600 de
270 3537 394 3619 quibus
419 3537 578 3601 dominus
601 3556 665 3600 rex
691 3536 864 3600 Henricus
895 3529 1071 3611 ¹voluerit,
1094 3534 1147 3598 fa-

202 3636 293 3701 cient
319 3637 394 3718 regi
421 3635 561 3718 Angliae
590 3635 801 3720 homagium,
826 3634 1026 3698 fidelitatem
1049 3641 1085 3699 et
1108 3633 1149 3697 li.

202 3736 369 3818 gantiam,
394 3743 434 3800 ut
457 3736 541 3817 ligio
567 3734 717 3812 domino,
743 3740 865 3799 contra
887 3753 1021 3798 omnem
1043 3733 1150 3798 homi·

203 3829 304 3902 nem.2
360 3835 462 3912 Item,
478 3835 641 3918 episcopi,
665 3835 820 3911 comiteS,
847 3828 882 3898 et
906 3835 1051 3899 barones
1071 3852 1150 3897 con-

240 4059 249 4091 ¹
263 4061 373 4111 ‘babere
385 4063 493 4112 voluerit
498 4058 512 4124 ;’
524 4061 572 4113 Ar.
584 4067 642 4112 220.
688 4063 802 4112 lanceam
818 4075 895 4124 super
910 4061 989 4110 altare
1002 4060 1070 4109 beati
1082 4059 1154 4108 Petri

690 4132 791 4194 obtulit,
813 4146 872 4192 quse
889 4132 916 4179 in
939 4130 1027 4180 eadem
1046 4129 1155 4179 ecclesia

240 4197 316 4264 ²‘et‚
333 4201 360 4250 in
378 4203 478 4265 signum
495 4203 669 4266 subjectionis,
692 4216 774 4263 nsque
789 4202 817 4250 iu
832 4200 980 4250 hodiernum
996 4200 1064 4249 diem
1075 4210 1156 4248 iema-

204 4271 332 4334 capellum
351 4287 426 4322 suum
443 4277 469 4322 et
485 4273 573 4323 sellam
593 4277 669 4334 atque
693 4277 754 4321 nent
765 4276 790 4320 et
802 4268 950 4322 servantur!
967 4271 1048 4320 Wals.
1060 4273 1101 4320 82.

950 4378 1007 4423 GC
