3180 5026
791 488 865 536 mc.
888 489 1036 537 sulvus!

846 990 999 1053 INCIPIT

579 1193 656 1265 DE
697 1195 862 1268 REGE
904 1197 1259 1273 STEPHANO.

459 1427 484 1462 D.
497 1427 523 1463 N.
534 1427 554 1463 J.
567 1427 591 1464 0.
686 1428 710 1464 Ρ.
723 1428 887 1465 ΒΟΜΔΝΟΒΠΗ
899 1430 925 1468 R.
1022 1432 1176 1468 FRANOOBUM
1223 1432 1363 1468 Asowuurs

712 1604 718 1616 .
912 1605 920 1620 .
1075 1577 1117 1623 2⁷.
1283 1578 1307 1624 1.
1500 1587 1503 1591 '

300 1717 338 1766 ¹¹¹⁸
376 1780 387 1810 ,
552 1724 587 1738 “
694 1731 810 1789 sutem
841 1726 949 1810 juxta
978 1736 1132 1793 nostram
1166 1729 1392 1794 intentionem

276 1827 288 1856 ⁰
342 1845 348 1857 ·
502 1811 556 1845 ¹
596 1822 615 1909 θ’,
651 1824 863 1890 commodius
879 1845 1000 1908 regum
1017 1835 1128 1909 gesta,
1145 1829 1205 1910 qui
1222 1847 1245 1892 a
1261 1830 1394 1894 comiti-

458 1920 462 1985 ἶ
495 1912 555 1967 7
592 1916 620 2005 ζ
650 1924 715 1988 bus
728 1920 1253 2006 Andogavcnsibus¹secundum
1266 1926 1393 1993 lincam

403 2091 405 2096 ,
508 2074 536 2098 ,
569 2066 582 2077 ψ
599 2022 607 2057 ‘³
650 2023 874 2088 masculinam
895 2017 1178 2103 ²desconderunt,
1202 2045 1392 2110 prosequu-

442 2145 529 2204 mur,
552 2122 802 2210 preelibundum
819 2122 968 2200 videtur,
983 2125 1155 2208 quomodo
1175 2125 1220 2190 od
1237 2125 1317 2190 illos
1329 2126 1391 2212 jus

440 2227 540 2310 regni
555 2222 742 2307 Anglicani
765 2221 871 2286 fuerit
892 2222 1104 2288 devolutum.
1154 2223 1274 2290 Altius
1291 2244 1391 2307 repe-

440 2333 554 2390 tentes
567 2325 724 2398 dicimus,
742 2320 834 2403 quod
854 2341 932 2386 cum
951 2320 1127 2388 Henricus
1144 2323 1275 2405 primus
1294 2343 1390 2406 ergo,

440 2423 620 2500 Willclmi,
636 2422 696 2506 qui
711 2420 933 2502 Conquisitor
948 2428 1034 2498 erut,
1047 2422 1138 2486 filius
1153 2420 1207 2508 (in
1220 2442 1290 2506 quo
1303 2423 1390 2488 Wil-

440 2524 563 2588 lelmus
588 2517 925 2585 ³Malmesburiensis
949 2538 1046 2584 suom
1068 2521 1231 2586 terminat
1253 2520 1392 2586 histori-

441 2643 510 2700 am,
531 2640 635 2706 quam
657 2618 779 2682 diffuse
801 2625 1005 2698 prosecutus
1027 2619 1137 2684 estdo
1156 2621 1296 2703 regibus
1313 2617 1390 2686 An·

440 2720 541 2804 glicis
573 2727 609 2784 et
641 2713 869 2800 Normunnis)
898 2716 995 2798 prole
1028 2719 1220 2784 masculina
1248 2720 1391 2784 orbatus

441 2828 544 2895 esset,
562 2818 642 2882 filiis
658 2816 734 2900 ejus
750 2815 927 2881 willelmo
944 2824 980 2880 et
994 2817 1148 2883 Ricardo
1164 2819 1200 2882 in
1216 2818 1391 2884 redeundo

441 2919 484 2984 do
501 2917 719 2985 Normnnniu
734 2933 855 2980 versus
870 2913 1035 2998 Anglium
1051 2918 1088 2980 in
1109 2936 1250 2999 egressu
1268 2927 1390 3001 portus

441 3018 484 3082 de
502 3019 616 3101 Dops,
630 3016 746 3080 nautis
762 3015 952 3098 inexpertis
968 3008 1287 3098 *periculosissimo
1304 3010 1392 3082 ‘mu-

441 3117 525 3182 rinis
547 3114 720 3197 absorptis
751 3112 926 3191 fluctibns,
952 3115 1090 3180 unicam
1120 3115 1239 3194 filiam,
1270 3116 1391 3181 Matil-

441 3216 518 3281 dom
537 3216 685 3291 nomino,
699 3213 798 3295 regni
813 3214 868 3276 sui
885 3213 1026 3296 reliquit
1039 3213 1210 3279 heredem.
1262 3214 1390 3293 Quom,

440 3315 599 3398 quumvis
621 3320 714 3378 esset
736 3312 920 3376 admodum
937 3312 1138 3397 juvenculo,
1155 3333 1246 3379 anno
1266 3315 1390 3396 gratioe

442 3432 534 3480 uox.
563 3432 707 3478 uxorem
739 3410 840 3475 duxit
871 3412 1059 3494 imperator
1085 3411 1262 3478 chricus
1287 3415 1389 3496 quin·

442 3521 511 3593 tus,
536 3533 638 3597 quom
665 3511 804 3595 quidam
830 3517 993 3594 quartum
1018 3511 1149 3590 dicunt,
1175 3532 1245 3577 non
1268 3532 1388 3576 nume·

441 3621 559 3679 rantes
598 3611 789 3676 chricum
830 3609 990 3693 primum,
1029 3630 1070 3676 oo
1102 3611 1195 3694 quod
1232 3612 1391 3676 benedic-

440 3712 569 3778 tionem
608 3708 819 3793 imperialem
863 3709 967 3773 fuerit
1014 3711 1153 3774 minimo
1197 3719 1387 3775 assecutus.

439 3810 536 3886 Huic
560 3809 712 3886 Matildi,
737 3808 876 3873 vivente
902 3808 1013 3872 adhuc
1036 3811 1173 3887 marito,
1191 3818 1291 3893 pater
1312 3811 1388 3894 ejus

440 3911 616 3975 Henrieus
633 3927 725 3974 anno
750 3908 847 3989 regni
876 3909 930 3971 sui
951 3901 1131 3973 ⁶vioesimo
1159 3910 1320 3992 septimo,
1347 3912 1391 3973 ab

475 4131 482 4160 ¹
495 4134 557 4195 ‘per
567 4129 581 4193 ;’
602 4128 670 4182 n’A.
959 4126 969 4156 ⁴
983 4130 1115 4191 ‘periculo
1128 4130 1270 4179 saevissimo
1279 4124 1294 4190 3'
1313 4128 1382 4179 D'A.

473 4199 483 4230 ¹
495 4203 640 4252 ‘traxerunt
649 4202 771 4263 originem
782 4195 797 4260 ;'
817 4196 863 4248 Ar.
962 4196 1077 4249 “muris
1087 4195 1102 4260 3'
1121 4200 1160 4249 M.
1166 4202 1191 4247 et
1199 4196 1246 4249 Ar.

452 4261 457 4268 ’
473 4270 544 4321 ³‘de
553 4272 739 4332 Malmesberyu
750 4270 766 4331 ς’
778 4270 817 4320 Μ.
826 4269 902 4319 eur.
961 4265 1126 4319 “tricesimo
1134 4264 1151 4330 ;'
1169 4264 1237 4319 D’A.
1272 4271 1315 4332 24,
1323 4270 1362 4318 Μ.
