<?xml version="1.0" encoding="UTF-8"?>
<!DOCTYPE html PUBLIC "-//W3C//DTD XHTML 1.0 Transitional//EN"
    "http://www.w3.org/TR/xhtml1/DTD/xhtml1-transitional.dtd">
<html xmlns="http://www.w3.org/1999/xhtml" xml:lang="en" lang="en">
 <head>
  <title>
</title>
<meta http-equiv="Content-Type" content="text/html;charset=utf-8" />
  <meta name='ocr-system' content='tesseract 3.04.00' />
  <meta name='ocr-capabilities' content='ocr_page ocr_carea ocr_par ocr_line ocrx_word'/>
</head>
<body>
  <div class='ocr_page' id='page_1' title='image "./fnicholaitrivet00socigoog/fnicholaitrivet00socigoog_0376.png"; bbox 0 0 3170 5020; ppageno 0'>
   <div class='ocr_carea' id='block_1_1' title="bbox 421 520 1015 586">
    <p class='ocr_par' dir='ltr' id='par_1_1' title="bbox 421 520 1015 586">
     <span class='ocr_line' id='line_1_1' title="bbox 421 520 1015 586; baseline -0.008 0"><span class='ocrx_word' id='word_1_1' title='bbox 421 520 487 586; x_wconf 81' lang='grc'>342</span> <span class='ocrx_word' id='word_1_2' title='bbox 776 535 849 583; x_wconf 84' lang='lat' dir='ltr'>urc.</span> <span class='ocrx_word' id='word_1_3' title='bbox 867 535 1015 582; x_wconf 82' lang='lat' dir='ltr'>rnrvnm</span> 
     </span>
    </p>
   </div>
   <div class='ocr_carea' id='block_1_2' title="bbox 260 691 1374 911">
    <p class='ocr_par' dir='ltr' id='par_1_2' title="bbox 260 691 1374 911">
     <span class='ocr_line' id='line_1_2' title="bbox 424 691 1373 776; baseline -0.002 -18"><span class='ocrx_word' id='word_1_4' title='bbox 424 693 541 771; x_wconf 89' lang='lat' dir='ltr'>nebat,</span> <span class='ocrx_word' id='word_1_5' title='bbox 568 691 749 776; x_wconf 84' lang='lat' dir='ltr'>quemdam</span> <span class='ocrx_word' id='word_1_6' title='bbox 779 693 935 776; x_wconf 90' lang='lat' dir='ltr'>spurium</span> <span class='ocrx_word' id='word_1_7' title='bbox 965 693 1031 757; x_wconf 90' lang='lat' dir='ltr'>sibi</span> <span class='ocrx_word' id='word_1_8' title='bbox 1061 691 1182 756; x_wconf 89' lang='lat' dir='ltr'>volens</span> <span class='ocrx_word' id='word_1_9' title='bbox 1214 691 1373 758; x_wconf 88' lang='lat' dir='ltr'>heredem</span> 
     </span>
     <span class='ocr_line' id='line_1_3' title="bbox 260 786 1374 911; baseline -0.002 -53"><span class='ocrx_word' id='word_1_10' title='bbox 260 813 400 911; x_wconf 63' lang='lat' dir='ltr'>3⁹6¹le</span> <span class='ocrx_word' id='word_1_11' title='bbox 424 794 647 872; x_wconf 83' lang='lat' dir='ltr'><strong>substituere,</strong></span> <span class='ocrx_word' id='word_1_12' title='bbox 682 812 704 857; x_wconf 89' lang='lat' dir='ltr'>a</span> <span class='ocrx_word' id='word_1_13' title='bbox 737 793 879 876; x_wconf 88' lang='lat' dir='ltr'>propria</span> <span class='ocrx_word' id='word_1_14' title='bbox 907 801 1010 875; x_wconf 84' lang='lat' dir='ltr'>gente</span> <span class='ocrx_word' id='word_1_15' title='bbox 1039 786 1227 873; x_wconf 86' lang='lat' dir='ltr'>necatur.]¹</span> <span class='ocrx_word' id='word_1_16' title='bbox 1293 793 1374 858; x_wconf 81' lang='lat' dir='ltr'>Rex</span> 
     </span>
    </p>
   </div>
   <div class='ocr_carea' id='block_1_3' title="bbox 262 891 1372 1001">
    <p class='ocr_par' dir='ltr' id='par_1_3' title="bbox 262 891 1372 1001">
     <span class='ocr_line' id='line_1_4' title="bbox 262 891 1372 1001; baseline -0.001 -44"><span class='ocrx_word' id='word_1_17' title='bbox 262 912 396 1001; x_wconf 53' lang='lat' dir='ltr'>3313,pr</span> <span class='ocrx_word' id='word_1_18' title='bbox 425 892 576 975; x_wconf 85' lang='lat' dir='ltr'>Angliae,</span> <span class='ocrx_word' id='word_1_19' title='bbox 604 894 770 958; x_wconf 91' lang='lat' dir='ltr'>immenso</span> <span class='ocrx_word' id='word_1_20' title='bbox 797 893 992 958; x_wconf 87' lang='lat' dir='ltr'>coadunato</span> <span class='ocrx_word' id='word_1_21' title='bbox 1015 891 1183 968; x_wconf 87' lang='lat' dir='ltr'>exercitu,</span> <span class='ocrx_word' id='word_1_22' title='bbox 1208 893 1302 957; x_wconf 88' lang='lat' dir='ltr'>venit</span> <span class='ocrx_word' id='word_1_23' title='bbox 1328 893 1372 956; x_wconf 86' lang='lat' dir='ltr'>ed</span> 
     </span>
    </p>
   </div>
   <div class='ocr_carea' id='block_1_4' title="bbox 263 992 1373 1101">
    <p class='ocr_par' dir='ltr' id='par_1_4' title="bbox 263 992 1373 1101">
     <span class='ocr_line' id='line_1_5' title="bbox 263 992 1373 1101; baseline 0.005 -51"><span class='ocrx_word' id='word_1_24' title='bbox 263 1016 388 1101; x_wconf 48' lang='lat' dir='ltr'>megrim</span> <span class='ocrx_word' id='word_1_25' title='bbox 426 993 732 1058; x_wconf 85' lang='lat' dir='ltr'>Novum-castrum</span> <span class='ocrx_word' id='word_1_26' title='bbox 762 1013 867 1075; x_wconf 91' lang='lat' dir='ltr'>super</span> <span class='ocrx_word' id='word_1_27' title='bbox 888 992 1030 1057; x_wconf 84' lang='lat' dir='ltr'>Tinam:</span> <span class='ocrx_word' id='word_1_28' title='bbox 1067 992 1109 1055; x_wconf 95' lang='lat' dir='ltr'>ad</span> <span class='ocrx_word' id='word_1_29' title='bbox 1136 1011 1238 1073; x_wconf 90' lang='lat' dir='ltr'>quem</span> <span class='ocrx_word' id='word_1_30' title='bbox 1259 992 1373 1056; x_wconf 89' lang='lat' dir='ltr'>locum</span> 
     </span>
    </p>
   </div>
   <div class='ocr_carea' id='block_1_5' title="bbox 263 1091 1419 2372">
    <p class='ocr_par' dir='ltr' id='par_1_5' title="bbox 263 1091 1419 2372">
     <span class='ocr_line' id='line_1_6' title="bbox 263 1091 1374 1184; baseline -0.002 -26"><span class='ocrx_word' id='word_1_31' title='bbox 263 1112 357 1184; x_wconf 67' lang='lat' dir='ltr'>ntoey·</span> <span class='ocrx_word' id='word_1_32' title='bbox 425 1093 448 1158; x_wconf 88' lang='lat' dir='ltr'>J</span> <span class='ocrx_word' id='word_1_33' title='bbox 451 1112 598 1157; x_wconf 86' lang='lat' dir='ltr'>oannem</span> <span class='ocrx_word' id='word_1_34' title='bbox 625 1113 742 1175; x_wconf 81' lang='lat' dir='ltr'>regem</span> <span class='ocrx_word' id='word_1_35' title='bbox 772 1092 952 1157; x_wconf 85' lang='lat' dir='ltr'><strong>Scotorum</strong></span> <span class='ocrx_word' id='word_1_36' title='bbox 984 1091 1084 1156; x_wconf 86' lang='lat' dir='ltr'>citari</span> <span class='ocrx_word' id='word_1_37' title='bbox 1107 1091 1237 1157; x_wconf 90' lang='lat' dir='ltr'>fecerat</span> <span class='ocrx_word' id='word_1_38' title='bbox 1260 1091 1374 1156; x_wconf 86' lang='lat' dir='ltr'>edicto</span> 
     </span>
     <span class='ocr_line' id='line_1_7' title="bbox 263 1162 1374 1276; baseline 0.005 -25"><span class='ocrx_word' id='word_1_39' title='bbox 263 1162 393 1251; x_wconf 53' lang='lat' dir='ltr'>bibli*</span> <span class='ocrx_word' id='word_1_40' title='bbox 425 1193 577 1276; x_wconf 91' lang='lat' dir='ltr'>publico,</span> <span class='ocrx_word' id='word_1_41' title='bbox 599 1199 640 1257; x_wconf 93' lang='lat' dir='ltr'>ut</span> <span class='ocrx_word' id='word_1_42' title='bbox 664 1193 707 1257; x_wconf 91' lang='lat' dir='ltr'>de</span> <span class='ocrx_word' id='word_1_43' title='bbox 728 1192 782 1256; x_wconf 89' lang='lat' dir='ltr'>his</span> <span class='ocrx_word' id='word_1_44' title='bbox 805 1212 883 1274; x_wconf 85' lang='lat' dir='ltr'>quae</span> <span class='ocrx_word' id='word_1_45' title='bbox 907 1193 973 1256; x_wconf 87' lang='lat' dir='ltr'>sibi</span> <span class='ocrx_word' id='word_1_46' title='bbox 995 1192 1167 1255; x_wconf 82' lang='lat' dir='ltr'>debebant</span> <span class='ocrx_word' id='word_1_47' title='bbox 1190 1191 1294 1276; x_wconf 92' lang='lat' dir='ltr'>objici</span> <span class='ocrx_word' id='word_1_48' title='bbox 1319 1212 1374 1256; x_wconf 90' lang='lat' dir='ltr'>re·</span> 
     </span>
     <span class='ocr_line' id='line_1_8' title="bbox 264 1267 1375 1376; baseline -0.001 -19"><span class='ocrx_word' id='word_1_49' title='bbox 264 1267 363 1302; x_wconf 48' lang='lat' dir='ltr'>‘mm&#39;</span> <span class='ocrx_word' id='word_1_50' title='bbox 426 1291 630 1376; x_wconf 84' lang='lat' dir='ltr'>sponderet3</span> <span class='ocrx_word' id='word_1_51' title='bbox 666 1311 735 1375; x_wconf 94' lang='lat' dir='ltr'>quo</span> <span class='ocrx_word' id='word_1_52' title='bbox 765 1291 809 1356; x_wconf 93' lang='lat' dir='ltr'>ad</span> <span class='ocrx_word' id='word_1_53' title='bbox 835 1292 925 1356; x_wconf 91' lang='lat' dir='ltr'>diem</span> <span class='ocrx_word' id='word_1_54' title='bbox 948 1291 1129 1374; x_wconf 84' lang='lat' dir='ltr'>praefixum</span> <span class='ocrx_word' id='word_1_55' title='bbox 1160 1310 1223 1354; x_wconf 92' lang='lat' dir='ltr'>nec</span> <span class='ocrx_word' id='word_1_56' title='bbox 1249 1310 1375 1373; x_wconf 88' lang='lat' dir='ltr'>perse</span> 
     </span>
     <span class='ocr_line' id='line_1_9' title="bbox 427 1392 1373 1475; baseline -0.001 -18"><span class='ocrx_word' id='word_1_57' title='bbox 427 1400 660 1475; x_wconf 81' lang='lat' dir='ltr'>comparente,</span> <span class='ocrx_word' id='word_1_58' title='bbox 676 1412 739 1456; x_wconf 90' lang='lat' dir='ltr'>nec</span> <span class='ocrx_word' id='word_1_59' title='bbox 761 1411 824 1474; x_wconf 90' lang='lat' dir='ltr'>per</span> <span class='ocrx_word' id='word_1_60' title='bbox 843 1392 1000 1454; x_wconf 91' lang='lat' dir='ltr'>nuntium</span> <span class='ocrx_word' id='word_1_61' title='bbox 1021 1411 1059 1455; x_wconf 90' lang='lat' dir='ltr'>se</span> <span class='ocrx_word' id='word_1_62' title='bbox 1084 1397 1286 1472; x_wconf 78' lang='lat' dir='ltr'>excusante,</span> <span class='ocrx_word' id='word_1_63' title='bbox 1310 1411 1373 1456; x_wconf 83' lang='lat' dir='ltr'>rex</span> 
     </span>
     <span class='ocr_line' id='line_1_10' title="bbox 426 1491 1373 1574; baseline -0.003 -17"><span class='ocrx_word' id='word_1_64' title='bbox 426 1493 470 1557; x_wconf 93' lang='lat' dir='ltr'>de</span> <span class='ocrx_word' id='word_1_65' title='bbox 500 1493 645 1557; x_wconf 91' lang='lat' dir='ltr'>consilio</span> <span class='ocrx_word' id='word_1_66' title='bbox 672 1512 811 1556; x_wconf 89' lang='lat' dir='ltr'>suorum</span> <span class='ocrx_word' id='word_1_67' title='bbox 837 1491 990 1555; x_wconf 88' lang='lat' dir='ltr'>decrevit</span> <span class='ocrx_word' id='word_1_68' title='bbox 1016 1491 1162 1564; x_wconf 90' lang='lat' dir='ltr'>ulterius</span> <span class='ocrx_word' id='word_1_69' title='bbox 1185 1491 1373 1574; x_wconf 90' lang='lat' dir='ltr'>proceden-</span> 
     </span>
     <span class='ocr_line' id='line_1_11' title="bbox 427 1590 1375 1674; baseline 0 -19"><span class='ocrx_word' id='word_1_70' title='bbox 427 1592 520 1656; x_wconf 89' lang='lat' dir='ltr'>dum.</span> <span class='ocrx_word' id='word_1_71' title='bbox 572 1592 718 1656; x_wconf 87' lang='lat' dir='ltr'>Interim</span> <span class='ocrx_word' id='word_1_72' title='bbox 739 1590 837 1656; x_wconf 92' lang='lat' dir='ltr'>miles</span> <span class='ocrx_word' id='word_1_73' title='bbox 859 1591 1000 1674; x_wconf 88' lang='lat' dir='ltr'>quidem</span> <span class='ocrx_word' id='word_1_74' title='bbox 1023 1590 1198 1655; x_wconf 89' lang='lat' dir='ltr'>Robertus</span> <span class='ocrx_word' id='word_1_75' title='bbox 1220 1590 1264 1654; x_wconf 91' lang='lat' dir='ltr'>de</span> <span class='ocrx_word' id='word_1_76' title='bbox 1287 1591 1375 1669; x_wconf 86' lang='lat' dir='ltr'>Ros,</span> 
     </span>
     <span class='ocr_line' id='line_1_12' title="bbox 427 1689 1377 1768; baseline -0.002 -13"><span class='ocrx_word' id='word_1_77' title='bbox 427 1691 587 1756; x_wconf 87' lang='lat' dir='ltr'>dominus</span> <span class='ocrx_word' id='word_1_78' title='bbox 620 1693 725 1756; x_wconf 86' lang='lat' dir='ltr'>castri</span> <span class='ocrx_word' id='word_1_79' title='bbox 759 1691 802 1756; x_wconf 88' lang='lat' dir='ltr'>de</span> <span class='ocrx_word' id='word_1_80' title='bbox 827 1689 949 1768; x_wconf 80' lang='lat' dir='ltr'>Werlr,</span> <span class='ocrx_word' id='word_1_81' title='bbox 981 1710 1051 1753; x_wconf 94' lang='lat' dir='ltr'>non</span> <span class='ocrx_word' id='word_1_82' title='bbox 1077 1691 1238 1755; x_wconf 87' lang='lat' dir='ltr'>obstante</span> <span class='ocrx_word' id='word_1_83' title='bbox 1266 1691 1377 1755; x_wconf 83' lang='lat' dir='ltr'>fideli.</span> 
     </span>
     <span class='ocr_line' id='line_1_13' title="bbox 428 1789 1375 1875; baseline -0.001 -20"><span class='ocrx_word' id='word_1_84' title='bbox 428 1799 501 1856; x_wconf 89' lang='lat' dir='ltr'>tate</span> <span class='ocrx_word' id='word_1_85' title='bbox 536 1811 640 1874; x_wconf 89' lang='lat' dir='ltr'>quam</span> <span class='ocrx_word' id='word_1_86' title='bbox 677 1791 751 1872; x_wconf 79' lang='lat' dir='ltr'>regi</span> <span class='ocrx_word' id='word_1_87' title='bbox 787 1789 925 1872; x_wconf 84' lang='lat' dir='ltr'>Angliae</span> <span class='ocrx_word' id='word_1_88' title='bbox 954 1790 1148 1875; x_wconf 87' lang='lat' dir='ltr'>juraverat,</span> <span class='ocrx_word' id='word_1_89' title='bbox 1178 1789 1222 1854; x_wconf 89' lang='lat' dir='ltr'>ad</span> <span class='ocrx_word' id='word_1_90' title='bbox 1252 1790 1375 1855; x_wconf 89' lang='lat' dir='ltr'>Scotos</span> 
     </span>
     <span class='ocr_line' id='line_1_14' title="bbox 429 1889 1375 1974; baseline 0 -20"><span class='ocrx_word' id='word_1_91' title='bbox 429 1890 636 1972; x_wconf 85' lang='lat' dir='ltr'>transfugit:</span> <span class='ocrx_word' id='word_1_92' title='bbox 670 1910 775 1972; x_wconf 90' lang='lat' dir='ltr'>super</span> <span class='ocrx_word' id='word_1_93' title='bbox 802 1909 871 1972; x_wconf 92' lang='lat' dir='ltr'>quo</span> <span class='ocrx_word' id='word_1_94' title='bbox 898 1909 1083 1971; x_wconf 81' lang='lat' dir='ltr'>germanus</span> <span class='ocrx_word' id='word_1_95' title='bbox 1111 1889 1265 1974; x_wconf 89' lang='lat' dir='ltr'>ejusdem</span> <span class='ocrx_word' id='word_1_96' title='bbox 1289 1890 1375 1955; x_wconf 89' lang='lat' dir='ltr'>Wil-</span> 
     </span>
     <span class='ocr_line' id='line_1_15' title="bbox 428 1988 1375 2072; baseline 0 -19"><span class='ocrx_word' id='word_1_97' title='bbox 428 1990 550 2053; x_wconf 90' lang='lat' dir='ltr'>lelmus</span> <span class='ocrx_word' id='word_1_98' title='bbox 583 1988 626 2054; x_wconf 91' lang='lat' dir='ltr'>de</span> <span class='ocrx_word' id='word_1_99' title='bbox 655 1989 730 2055; x_wconf 88' lang='lat' dir='ltr'>Ros</span> <span class='ocrx_word' id='word_1_100' title='bbox 754 2009 869 2070; x_wconf 84' lang='lat' dir='ltr'>regem</span> <span class='ocrx_word' id='word_1_101' title='bbox 895 1989 1138 2072; x_wconf 84' lang='lat' dir='ltr'>praemuniens,</span> <span class='ocrx_word' id='word_1_102' title='bbox 1165 1989 1290 2072; x_wconf 87' lang='lat' dir='ltr'>petivit</span> <span class='ocrx_word' id='word_1_103' title='bbox 1310 1991 1375 2054; x_wconf 92' lang='lat' dir='ltr'>sibi</span> 
     </span>
     <span class='ocr_line' id='line_1_16' title="bbox 428 2088 1376 2171; baseline -0.001 -17"><span class='ocrx_word' id='word_1_104' title='bbox 428 2089 520 2154; x_wconf 88' lang='lat' dir='ltr'>mitti</span> <span class='ocrx_word' id='word_1_105' title='bbox 544 2089 735 2154; x_wconf 88' lang='lat' dir='ltr'>subsidium</span> <span class='ocrx_word' id='word_1_106' title='bbox 763 2108 832 2171; x_wconf 95' lang='lat' dir='ltr'>quo</span> <span class='ocrx_word' id='word_1_107' title='bbox 861 2097 979 2171; x_wconf 91' lang='lat' dir='ltr'>posset</span> <span class='ocrx_word' id='word_1_108' title='bbox 1011 2097 1164 2152; x_wconf 89' lang='lat' dir='ltr'>castrum</span> <span class='ocrx_word' id='word_1_109' title='bbox 1196 2088 1376 2154; x_wconf 80' lang='lat' dir='ltr'>defendere</span> 
     </span>
     <span class='ocr_line' id='line_1_17' title="bbox 429 2188 1419 2271; baseline 0.001 -18"><span class='ocrx_word' id='word_1_110' title='bbox 429 2197 552 2254; x_wconf 92' lang='lat' dir='ltr'>contra</span> <span class='ocrx_word' id='word_1_111' title='bbox 576 2189 708 2254; x_wconf 90' lang='lat' dir='ltr'>Scotos.</span> <span class='ocrx_word' id='word_1_112' title='bbox 762 2188 930 2271; x_wconf 91' lang='lat' dir='ltr'>Misitqne</span> <span class='ocrx_word' id='word_1_113' title='bbox 958 2208 1021 2252; x_wconf 87' lang='lat' dir='ltr'>rex</span> <span class='ocrx_word' id='word_1_114' title='bbox 1048 2189 1132 2252; x_wconf 92' lang='lat' dir='ltr'>illuc</span> <span class='ocrx_word' id='word_1_115' title='bbox 1155 2189 1249 2253; x_wconf 86' lang='lat' dir='ltr'>viros</span> <span class='ocrx_word' id='word_1_116' title='bbox 1270 2190 1376 2267; x_wconf 90' lang='lat' dir='ltr'>mille,</span> <span class='ocrx_word' id='word_1_117' title='bbox 1416 2205 1419 2209; x_wconf 89' lang='grc'><strong><em>·</em></strong></span> 
     </span>
     <span class='ocr_line' id='line_1_18' title="bbox 428 2281 1377 2372; baseline 0 -20"><span class='ocrx_word' id='word_1_118' title='bbox 428 2290 489 2372; x_wconf 93' lang='lat' dir='ltr'>qui</span> <span class='ocrx_word' id='word_1_119' title='bbox 520 2289 649 2372; x_wconf 88' lang='lat' dir='ltr'>recepti</span> <span class='ocrx_word' id='word_1_120' title='bbox 681 2289 717 2351; x_wconf 89' lang='lat' dir='ltr'>in</span> <span class='ocrx_word' id='word_1_121' title='bbox 756 2287 841 2352; x_wconf 89' lang='lat' dir='ltr'>villa</span> <span class='ocrx_word' id='word_1_122' title='bbox 872 2287 1020 2371; x_wconf 91' lang='lat' dir='ltr'>quadam</span> <span class='ocrx_word' id='word_1_123' title='bbox 1061 2288 1155 2352; x_wconf 86' lang='lat' dir='ltr'>dicta</span> <span class='ocrx_word' id='word_1_124' title='bbox 1187 2281 1377 2367; x_wconf 89' lang='lat' dir='ltr'>²Prestfen,</span> 
     </span>
    </p>
   </div>
   <div class='ocr_carea' id='block_1_6' title="bbox 429 2388 1377 2471">
    <p class='ocr_par' dir='ltr' id='par_1_6' title="bbox 429 2388 1377 2471">
     <span class='ocr_line' id='line_1_19' title="bbox 429 2388 1377 2471; baseline 0 -18"><span class='ocrx_word' id='word_1_125' title='bbox 429 2408 548 2453; x_wconf 89' lang='lat' dir='ltr'>omnes</span> <span class='ocrx_word' id='word_1_126' title='bbox 576 2389 695 2453; x_wconf 86' lang='lat' dir='ltr'>eadem</span> <span class='ocrx_word' id='word_1_127' title='bbox 727 2396 829 2452; x_wconf 88' lang='lat' dir='ltr'>nocte</span> <span class='ocrx_word' id='word_1_128' title='bbox 857 2406 879 2450; x_wconf 85' lang='lat' dir='ltr'>a</span> <span class='ocrx_word' id='word_1_129' title='bbox 911 2388 1037 2464; x_wconf 87' lang='lat' dir='ltr'>Scotis,</span> <span class='ocrx_word' id='word_1_130' title='bbox 1067 2407 1214 2470; x_wconf 89' lang='lat' dir='ltr'>quorum</span> <span class='ocrx_word' id='word_1_131' title='bbox 1245 2390 1377 2471; x_wconf 85' lang='lat' dir='ltr'>capitu-</span> 
     </span>
    </p>
   </div>
   <div class='ocr_carea' id='block_1_7' title="bbox 272 2475 1378 2769">
    <p class='ocr_par' dir='ltr' id='par_1_7' title="bbox 272 2475 1378 2769">
     <span class='ocr_line' id='line_1_20' title="bbox 431 2475 1377 2572; baseline 0.001 -21"><span class='ocrx_word' id='word_1_132' title='bbox 431 2508 517 2553; x_wconf 89' lang='lat' dir='ltr'>neus</span> <span class='ocrx_word' id='word_1_133' title='bbox 541 2495 617 2553; x_wconf 93' lang='lat' dir='ltr'>erat</span> <span class='ocrx_word' id='word_1_134' title='bbox 634 2487 800 2572; x_wconf 88' lang='lat' dir='ltr'>praesatus</span> <span class='ocrx_word' id='word_1_135' title='bbox 826 2487 1008 2570; x_wconf 79' lang='lat' dir='ltr'>transfuga</span> <span class='ocrx_word' id='word_1_136' title='bbox 1031 2475 1206 2552; x_wconf 81' lang='lat' dir='ltr'>Robertus</span> <span class='ocrx_word' id='word_1_137' title='bbox 1229 2488 1271 2552; x_wconf 90' lang='lat' dir='ltr'>de</span> <span class='ocrx_word' id='word_1_138' title='bbox 1291 2489 1377 2566; x_wconf 88' lang='lat' dir='ltr'>Ros,</span> 
     </span>
     <span class='ocr_line' id='line_1_21' title="bbox 431 2587 1378 2671; baseline 0.001 -20"><span class='ocrx_word' id='word_1_139' title='bbox 431 2587 602 2653; x_wconf 82' lang='lat' dir='ltr'>interfecti</span> <span class='ocrx_word' id='word_1_140' title='bbox 624 2597 717 2664; x_wconf 90' lang='lat' dir='ltr'>sunt,</span> <span class='ocrx_word' id='word_1_141' title='bbox 742 2587 898 2671; x_wconf 87' lang='lat' dir='ltr'>exceptis</span> <span class='ocrx_word' id='word_1_142' title='bbox 920 2587 1041 2670; x_wconf 89' lang='lat' dir='ltr'>paucis</span> <span class='ocrx_word' id='word_1_143' title='bbox 1069 2587 1129 2670; x_wconf 91' lang='lat' dir='ltr'>qui</span> <span class='ocrx_word' id='word_1_144' title='bbox 1150 2588 1276 2670; x_wconf 88' lang='lat' dir='ltr'>dilapsi</span> <span class='ocrx_word' id='word_1_145' title='bbox 1295 2597 1378 2652; x_wconf 88' lang='lat' dir='ltr'>sunt</span> 
     </span>
     <span class='ocr_line' id='line_1_22' title="bbox 272 2687 1377 2769; baseline 0.001 -18"><span class='ocrx_word' id='word_1_146' title='bbox 272 2710 386 2751; x_wconf 61' lang='lat' dir='ltr'>moseos</span> <span class='ocrx_word' id='word_1_147' title='bbox 432 2687 529 2769; x_wconf 82' lang='lat' dir='ltr'>fuga.</span> <span class='ocrx_word' id='word_1_148' title='bbox 581 2687 661 2767; x_wconf 86' lang='lat' dir='ltr'>Quo</span> <span class='ocrx_word' id='word_1_149' title='bbox 689 2687 821 2764; x_wconf 90' lang='lat' dir='ltr'>audito,</span> <span class='ocrx_word' id='word_1_150' title='bbox 847 2704 930 2750; x_wconf 88' lang='lat' dir='ltr'>mox</span> <span class='ocrx_word' id='word_1_151' title='bbox 959 2707 1023 2750; x_wconf 87' lang='lat' dir='ltr'>rex</span> <span class='ocrx_word' id='word_1_152' title='bbox 1047 2706 1124 2750; x_wconf 95' lang='lat' dir='ltr'>cum</span> <span class='ocrx_word' id='word_1_153' title='bbox 1151 2688 1305 2752; x_wconf 88' lang='lat' dir='ltr'>exercitu</span> <span class='ocrx_word' id='word_1_154' title='bbox 1334 2688 1377 2752; x_wconf 93' lang='lat' dir='ltr'>ad</span> 
     </span>
    </p>
   </div>
   <div class='ocr_carea' id='block_1_8' title="bbox 269 2760 1377 2870">
    <p class='ocr_par' dir='ltr' id='par_1_8' title="bbox 269 2760 1377 2870">
     <span class='ocr_line' id='line_1_23' title="bbox 269 2760 1377 2870; baseline 0.002 -21"><span class='ocrx_word' id='word_1_155' title='bbox 269 2760 585 2851; x_wconf 52' lang='lat' dir='ltr'>illielliacastrum</span> <span class='ocrx_word' id='word_1_156' title='bbox 609 2786 694 2850; x_wconf 92' lang='lat' dir='ltr'>illud</span> <span class='ocrx_word' id='word_1_157' title='bbox 720 2793 896 2870; x_wconf 88' lang='lat' dir='ltr'>properat,</span> <span class='ocrx_word' id='word_1_158' title='bbox 918 2787 1060 2868; x_wconf 84' lang='lat' dir='ltr'>gavisus</span> <span class='ocrx_word' id='word_1_159' title='bbox 1082 2787 1119 2849; x_wconf 91' lang='lat' dir='ltr'>in</span> <span class='ocrx_word' id='word_1_160' title='bbox 1142 2786 1220 2863; x_wconf 93' lang='lat' dir='ltr'>hoc,</span> <span class='ocrx_word' id='word_1_161' title='bbox 1246 2796 1286 2852; x_wconf 91' lang='lat' dir='ltr'>ut</span> <span class='ocrx_word' id='word_1_162' title='bbox 1310 2787 1377 2851; x_wconf 87' lang='lat' dir='ltr'>fer·</span> 
     </span>
    </p>
   </div>
   <div class='ocr_carea' id='block_1_9' title="bbox 271 2860 1378 2969">
    <p class='ocr_par' dir='ltr' id='par_1_9' title="bbox 271 2860 1378 2969">
     <span class='ocr_line' id='line_1_24' title="bbox 271 2860 1378 2969; baseline 0.039 -61"><span class='ocrx_word' id='word_1_163' title='bbox 271 2860 367 2910; x_wconf 65' lang='lat' dir='ltr'>annun.</span> <span class='ocrx_word' id='word_1_164' title='bbox 434 2895 502 2964; x_wconf 54' lang='lat' dir='ltr'>mr,</span> <span class='ocrx_word' id='word_1_165' title='bbox 530 2886 622 2968; x_wconf 69' lang='lat' dir='ltr'>quod</span> <span class='ocrx_word' id='word_1_166' title='bbox 653 2886 748 2951; x_wconf 74' lang='lat' dir='ltr'>scoti</span> <span class='ocrx_word' id='word_1_167' title='bbox 774 2887 874 2968; x_wconf 83' lang='lat' dir='ltr'>primi</span> <span class='ocrx_word' id='word_1_168' title='bbox 907 2892 1085 2969; x_wconf 84' lang='lat' dir='ltr'>coeperant</span> <span class='ocrx_word' id='word_1_169' title='bbox 1108 2886 1250 2950; x_wconf 88' lang='lat' dir='ltr'>hostilia</span> <span class='ocrx_word' id='word_1_170' title='bbox 1279 2907 1378 2952; x_wconf 85' lang='lat' dir='ltr'>exer·</span> 
     </span>
    </p>
   </div>
   <div class='ocr_carea' id='block_1_10' title="bbox 271 2985 1379 3068">
    <p class='ocr_par' dir='ltr' id='par_1_10' title="bbox 271 2985 1379 3068">
     <span class='ocr_line' id='line_1_25' title="bbox 271 2985 1379 3068; baseline 0.002 -20"><span class='ocrx_word' id='word_1_171' title='bbox 271 3007 398 3048; x_wconf 59' lang='lat' dir='ltr'>sanusn-</span> <span class='ocrx_word' id='word_1_172' title='bbox 434 3005 522 3049; x_wconf 88' lang='lat' dir='ltr'>cere.</span> <span class='ocrx_word' id='word_1_173' title='bbox 591 2985 690 3068; x_wconf 80' lang='lat' dir='ltr'>Rege</span> <span class='ocrx_word' id='word_1_174' title='bbox 717 2986 835 3068; x_wconf 88' lang='lat' dir='ltr'>itaque</span> <span class='ocrx_word' id='word_1_175' title='bbox 868 2985 960 3068; x_wconf 83' lang='lat' dir='ltr'>apud</span> <span class='ocrx_word' id='word_1_176' title='bbox 991 2985 1193 3068; x_wconf 83' lang='lat' dir='ltr'>praedictum</span> <span class='ocrx_word' id='word_1_177' title='bbox 1227 2994 1379 3051; x_wconf 89' lang='lat' dir='ltr'>castrum</span> 
     </span>
    </p>
   </div>
   <div class='ocr_carea' id='block_1_11' title="bbox 270 3058 1380 3169">
    <p class='ocr_par' dir='ltr' id='par_1_11' title="bbox 270 3058 1380 3169">
     <span class='ocr_line' id='line_1_26' title="bbox 270 3058 1380 3169; baseline 0.003 -22"><span class='ocrx_word' id='word_1_178' title='bbox 270 3058 411 3155; x_wconf 51' lang='grc' dir='ltr'>Εἶῗῖὶῗῖἓῗέ.</span> <span class='ocrx_word' id='word_1_179' title='bbox 434 3084 639 3149; x_wconf 88' lang='lat' dir='ltr'>Paschalem</span> <span class='ocrx_word' id='word_1_180' title='bbox 668 3085 919 3150; x_wconf 89' lang='lat' dir='ltr'>solemnitatem</span> <span class='ocrx_word' id='word_1_181' title='bbox 941 3092 1141 3169; x_wconf 86' lang='lat' dir='ltr'>peragente,</span> <span class='ocrx_word' id='word_1_182' title='bbox 1173 3094 1303 3169; x_wconf 88' lang='lat' dir='ltr'>septem</span> <span class='ocrx_word' id='word_1_183' title='bbox 1325 3106 1380 3150; x_wconf 90' lang='lat' dir='ltr'>co-</span> 
     </span>
    </p>
   </div>
   <div class='ocr_carea' id='block_1_12' title="bbox 269 3157 1383 3952">
    <p class='ocr_par' dir='ltr' id='par_1_12' title="bbox 269 3157 1383 3952">
     <span class='ocr_line' id='line_1_27' title="bbox 270 3157 1382 3263; baseline 0.003 -16"><span class='ocrx_word' id='word_1_184' title='bbox 270 3157 416 3258; x_wconf 49' lang='grc' dir='ltr'>ῗὲῖἷιῗιῖώ</span> <span class='ocrx_word' id='word_1_185' title='bbox 433 3185 534 3250; x_wconf 88' lang='lat' dir='ltr'>mites</span> <span class='ocrx_word' id='word_1_186' title='bbox 556 3184 694 3262; x_wconf 87' lang='lat' dir='ltr'>Scotiee,</span> <span class='ocrx_word' id='word_1_187' title='bbox 716 3185 759 3248; x_wconf 88' lang='lat' dir='ltr'>de</span> <span class='ocrx_word' id='word_1_188' title='bbox 779 3185 925 3261; x_wconf 90' lang='lat' dir='ltr'>Bowan,</span> <span class='ocrx_word' id='word_1_189' title='bbox 947 3185 989 3250; x_wconf 96' lang='lat' dir='ltr'>de</span> <span class='ocrx_word' id='word_1_190' title='bbox 1011 3185 1203 3263; x_wconf 89' lang='lat' dir='ltr'>Meneteth,</span> <span class='ocrx_word' id='word_1_191' title='bbox 1220 3186 1263 3250; x_wconf 90' lang='lat' dir='ltr'>de</span> <span class='ocrx_word' id='word_1_192' title='bbox 1285 3186 1382 3250; x_wconf 85' lang='lat' dir='ltr'>Stra·</span> 
     </span>
     <span class='ocr_line' id='line_1_28' title="bbox 433 3283 1380 3364; baseline -0.002 -14"><span class='ocrx_word' id='word_1_193' title='bbox 433 3285 549 3362; x_wconf 90' lang='lat' dir='ltr'>derne,</span> <span class='ocrx_word' id='word_1_194' title='bbox 573 3285 616 3350; x_wconf 90' lang='lat' dir='ltr'>de</span> <span class='ocrx_word' id='word_1_195' title='bbox 642 3285 822 3361; x_wconf 88' lang='lat' dir='ltr'>Lewenos,</span> <span class='ocrx_word' id='word_1_196' title='bbox 846 3283 888 3348; x_wconf 90' lang='lat' dir='ltr'>de</span> <span class='ocrx_word' id='word_1_197' title='bbox 912 3283 999 3358; x_wconf 87' lang='lat' dir='ltr'>Ros,</span> <span class='ocrx_word' id='word_1_198' title='bbox 1023 3283 1066 3348; x_wconf 90' lang='lat' dir='ltr'>de</span> <span class='ocrx_word' id='word_1_199' title='bbox 1086 3283 1204 3362; x_wconf 90' lang='lat' dir='ltr'>Athel,</span> <span class='ocrx_word' id='word_1_200' title='bbox 1225 3285 1268 3348; x_wconf 90' lang='lat' dir='ltr'>de</span> <span class='ocrx_word' id='word_1_201' title='bbox 1287 3286 1380 3364; x_wconf 87' lang='lat' dir='ltr'>Mar,</span> 
     </span>
     <span class='ocr_line' id='line_1_29' title="bbox 434 3383 1380 3463; baseline 0.001 -14"><span class='ocrx_word' id='word_1_202' title='bbox 434 3404 474 3449; x_wconf 86' lang='lat' dir='ltr'>ac</span> <span class='ocrx_word' id='word_1_203' title='bbox 500 3385 656 3450; x_wconf 81' lang='lat' dir='ltr'>Joannes</span> <span class='ocrx_word' id='word_1_204' title='bbox 684 3384 776 3449; x_wconf 89' lang='lat' dir='ltr'>filius</span> <span class='ocrx_word' id='word_1_205' title='bbox 805 3384 952 3449; x_wconf 88' lang='lat' dir='ltr'>Joannis</span> <span class='ocrx_word' id='word_1_206' title='bbox 980 3383 1103 3448; x_wconf 86' lang='lat' dir='ltr'>Comin</span> <span class='ocrx_word' id='word_1_207' title='bbox 1131 3383 1174 3448; x_wconf 92' lang='lat' dir='ltr'>de</span> <span class='ocrx_word' id='word_1_208' title='bbox 1201 3384 1380 3463; x_wconf 83' lang='lat' dir='ltr'>Bedenau,</span> 
     </span>
     <span class='ocr_line' id='line_1_30' title="bbox 433 3482 1381 3562; baseline 0 -14"><span class='ocrx_word' id='word_1_209' title='bbox 433 3484 579 3549; x_wconf 89' lang='lat' dir='ltr'>collecto</span> <span class='ocrx_word' id='word_1_210' title='bbox 602 3485 757 3549; x_wconf 84' lang='lat' dir='ltr'>exercitu</span> <span class='ocrx_word' id='word_1_211' title='bbox 778 3483 895 3549; x_wconf 80' lang='lat' dir='ltr'>valido</span> <span class='ocrx_word' id='word_1_212' title='bbox 916 3485 951 3547; x_wconf 90' lang='lat' dir='ltr'>in</span> <span class='ocrx_word' id='word_1_213' title='bbox 970 3482 1074 3548; x_wconf 86' lang='lat' dir='ltr'>Valle</span> <span class='ocrx_word' id='word_1_214' title='bbox 1094 3482 1277 3562; x_wconf 84' lang='lat' dir='ltr'>Anendiae,</span> <span class='ocrx_word' id='word_1_215' title='bbox 1294 3485 1381 3549; x_wconf 90' lang='lat' dir='ltr'>feria</span> 
     </span>
     <span class='ocr_line' id='line_1_31' title="bbox 433 3582 1381 3666; baseline 0.002 -20"><span class='ocrx_word' id='word_1_216' title='bbox 433 3583 586 3648; x_wconf 83' lang='lat' dir='ltr'>secunda</span> <span class='ocrx_word' id='word_1_217' title='bbox 618 3582 764 3648; x_wconf 82' lang='lat' dir='ltr'>Paschae</span> <span class='ocrx_word' id='word_1_218' title='bbox 798 3582 962 3666; x_wconf 80' lang='lat' dir='ltr'>Angliam</span> <span class='ocrx_word' id='word_1_219' title='bbox 1004 3583 1162 3664; x_wconf 83' lang='lat' dir='ltr'>ingressi,</span> <span class='ocrx_word' id='word_1_220' title='bbox 1196 3587 1381 3649; x_wconf 87' lang='lat' dir='ltr'>vastabant</span> 
     </span>
     <span class='ocr_line' id='line_1_32' title="bbox 434 3682 1381 3765; baseline 0.002 -19"><span class='ocrx_word' id='word_1_221' title='bbox 434 3685 549 3746; x_wconf 91' lang='lat' dir='ltr'>omnia</span> <span class='ocrx_word' id='word_1_222' title='bbox 580 3682 674 3746; x_wconf 87' lang='lat' dir='ltr'>caede</span> <span class='ocrx_word' id='word_1_223' title='bbox 707 3691 743 3748; x_wconf 90' lang='lat' dir='ltr'>et</span> <span class='ocrx_word' id='word_1_224' title='bbox 773 3683 943 3760; x_wconf 89' lang='lat' dir='ltr'>incendio,</span> <span class='ocrx_word' id='word_1_225' title='bbox 974 3702 1044 3745; x_wconf 91' lang='lat' dir='ltr'>non</span> <span class='ocrx_word' id='word_1_226' title='bbox 1072 3692 1254 3765; x_wconf 89' lang='lat' dir='ltr'>parcentes</span> <span class='ocrx_word' id='word_1_227' title='bbox 1284 3685 1381 3749; x_wconf 86' lang='lat' dir='ltr'>aetati</span> 
     </span>
     <span class='ocr_line' id='line_1_33' title="bbox 434 3782 1379 3867; baseline 0.001 -20"><span class='ocrx_word' id='word_1_228' title='bbox 434 3783 491 3847; x_wconf 86' lang='lat' dir='ltr'>vel</span> <span class='ocrx_word' id='word_1_229' title='bbox 509 3784 622 3859; x_wconf 89' lang='lat' dir='ltr'>sexui,</span> <span class='ocrx_word' id='word_1_230' title='bbox 639 3784 884 3866; x_wconf 87' lang='lat' dir='ltr'>venientesque</span> <span class='ocrx_word' id='word_1_231' title='bbox 908 3782 1110 3846; x_wconf 90' lang='lat' dir='ltr'>Karleolum</span> <span class='ocrx_word' id='word_1_232' title='bbox 1127 3784 1246 3846; x_wconf 89' lang='lat' dir='ltr'>urbem</span> <span class='ocrx_word' id='word_1_233' title='bbox 1270 3783 1379 3867; x_wconf 84' lang='lat' dir='ltr'>ipsam</span> 
     </span>
     <span class='ocr_line' id='line_1_34' title="bbox 269 3882 1383 3952; baseline 0.005 -12"><span class='ocrx_word' id='word_1_234' title='bbox 269 3900 420 3952; x_wconf 56' lang='lat' dir='ltr'>maynunga</span> <span class='ocrx_word' id='word_1_235' title='bbox 433 3882 612 3946; x_wconf 90' lang='lat' dir='ltr'>obsidione</span> <span class='ocrx_word' id='word_1_236' title='bbox 637 3883 833 3947; x_wconf 87' lang='lat' dir='ltr'>cinxerunt.</span> <span class='ocrx_word' id='word_1_237' title='bbox 899 3882 1089 3947; x_wconf 86' lang='lat' dir='ltr'>Combusto</span> <span class='ocrx_word' id='word_1_238' title='bbox 1118 3890 1234 3946; x_wconf 86' lang='lat' dir='ltr'>eutem</span> <span class='ocrx_word' id='word_1_239' title='bbox 1261 3886 1383 3948; x_wconf 88' lang='lat' dir='ltr'>subur-</span> 
     </span>
    </p>
   </div>
   <div class='ocr_carea' id='block_1_13' title="bbox 268 3951 1381 4066">
    <p class='ocr_par' dir='ltr' id='par_1_13' title="bbox 268 3951 1381 4066">
     <span class='ocr_line' id='line_1_35' title="bbox 268 3951 1381 4066; baseline 0.013 -31"><span class='ocrx_word' id='word_1_240' title='bbox 268 3951 362 3991; x_wconf 70' lang='lat'><strong>⁰⁸¹¹¹⁸¹‘&#39;</strong></span> <span class='ocrx_word' id='word_1_241' title='bbox 432 3983 502 4059; x_wconf 92' lang='lat' dir='ltr'>bio,</span> <span class='ocrx_word' id='word_1_242' title='bbox 529 3981 673 4046; x_wconf 87' lang='lat' dir='ltr'>eumad</span> <span class='ocrx_word' id='word_1_243' title='bbox 698 3989 833 4065; x_wconf 88' lang='lat' dir='ltr'>portam</span> <span class='ocrx_word' id='word_1_244' title='bbox 860 3982 1013 4046; x_wconf 84' lang='lat' dir='ltr'>civitatis</span> <span class='ocrx_word' id='word_1_245' title='bbox 1036 3983 1235 4046; x_wconf 84' lang='lat' dir='ltr'>cremabilia</span> <span class='ocrx_word' id='word_1_246' title='bbox 1257 4003 1381 4066; x_wconf 82' lang='lat' dir='ltr'>conge·</span> 
     </span>
    </p>
   </div>
   <div class='ocr_carea' id='block_1_14' title="bbox 432 4231 1383 4368">
    <p class='ocr_par' dir='ltr' id='par_1_14' title="bbox 432 4231 1383 4368">
     <span class='ocr_line' id='line_1_36' title="bbox 469 4231 1383 4298; baseline 0.008 -16"><span class='ocrx_word' id='word_1_247' title='bbox 469 4231 548 4284; x_wconf 85' lang='lat' dir='ltr'>&#39;The</span> <span class='ocrx_word' id='word_1_248' title='bbox 571 4236 703 4297; x_wconf 79' lang='lat' dir='ltr'>loregoing</span> <span class='ocrx_word' id='word_1_249' title='bbox 728 4239 844 4285; x_wconf 88' lang='lat' dir='ltr'>sentence</span> <span class='ocrx_word' id='word_1_250' title='bbox 872 4238 894 4286; x_wconf 88' lang='lat' dir='ltr'>is</span> <span class='ocrx_word' id='word_1_251' title='bbox 955 4233 1153 4298; x_wconf 75' lang='lat' dir='ltr'>²‘Prostiien3&#39;</span> <span class='ocrx_word' id='word_1_252' title='bbox 1171 4239 1211 4290; x_wconf 85' lang='lat' dir='ltr'>M.</span> <span class='ocrx_word' id='word_1_253' title='bbox 1222 4243 1247 4288; x_wconf 80' lang='lat' dir='ltr'>et</span> <span class='ocrx_word' id='word_1_254' title='bbox 1257 4237 1351 4290; x_wconf 70' lang='lat' dir='ltr'>Anti.</span> <span class='ocrx_word' id='word_1_255' title='bbox 1360 4254 1383 4290; x_wconf 89' lang='lat' dir='ltr'>e.</span> 
     </span>
     <span class='ocr_line' id='line_1_37' title="bbox 432 4304 1036 4368; baseline 0.007 -16"><span class='ocrx_word' id='word_1_256' title='bbox 432 4304 536 4353; x_wconf 84' lang='lat' dir='ltr'>omitted</span> <span class='ocrx_word' id='word_1_257' title='bbox 547 4305 581 4366; x_wconf 85' lang='lat' dir='ltr'>by</span> <span class='ocrx_word' id='word_1_258' title='bbox 593 4305 777 4368; x_wconf 78' lang='lat' dir='ltr'>Welsingbum.</span> <span class='ocrx_word' id='word_1_259' title='bbox 920 4308 1036 4356; x_wconf 82' lang='lat' dir='ltr'>Preston.</span> 
     </span>
    </p>
   </div>
   <div class='ocr_carea' id='block_1_15' title="bbox 0 0 1601 5020">
    <p class='ocr_par' dir='ltr' id='par_1_15' title="bbox 0 0 1601 5020">
     <span class='ocr_line' id='line_1_38' title="bbox 0 0 1601 5020; baseline 0 0"><span class='ocrx_word' id='word_1_260' title='bbox 0 0 1601 5020; x_wconf 95' lang='lat' dir='ltr'> </span> 
     </span>
    </p>
   </div>
  </div>
 </body>
</html>
