3252 5026
612 543 796 593 inurens.
1115 526 1180 589 1219

225 705 404 787 pecuniam
427 704 502 788 ejus
526 705 650 787 rapuit.
703 702 779 767 Nos
796 722 876 767 vero
895 703 1070 769 Marchiso
1090 725 1177 768 nun·
1189 732 1235 772 me
1249 732 1289 772 on

227 807 294 869 tios
327 812 464 869 nostros
493 804 659 880 misimus,
691 804 893 867 mandantes
927 811 964 868 ut
996 805 1175 886 pecuniam
1190 783 1320 872 ffliissi

225 904 342 968 fratris
365 904 474 968 nostri
495 905 592 968 nobis
617 903 786 980 redderet,
812 911 847 967 et
867 904 910 967 de
928 912 1038 967 morte
1061 905 1178 969 fratris
1188 883 1258 922 hm*

228 1005 336 1069 nostri
360 1005 537 1067 nobiscum
561 1023 598 1067 se
619 1003 863 1068 concordaret:
896 1010 931 1067 et
951 1004 1073 1080 noluit,
1098 1023 1177 1069 nec·

228 1123 297 1168 non
314 1112 349 1168 et
364 1104 503 1167 nuntios
520 1112 656 1166 nostros
676 1103 819 1185 sprevit,
842 1110 877 1166 et
894 1109 1038 1166 mortem
1060 1104 1177 1167 fratris

228 1203 336 1268 nostri
362 1223 466 1284 super
490 1202 722 1284 Reginaldum
750 1201 924 1266 dominum
951 1201 1088 1265 Sidonis
1117 1224 1178 1286 po-

228 1303 318 1381 suit3
345 1310 381 1367 et
404 1321 468 1366 nos
490 1309 623 1366 tantum
647 1301 790 1365 fecimus
807 1320 869 1383 per
884 1301 1011 1365 amicos
1028 1309 1177 1379 nostros

229 1403 320 1485 quod
343 1394 395 1464 lin
415 1401 561 1466 veritate
584 1401 758 1479 scivimus,
782 1401 874 1483 quod
894 1402 968 1483 ipse
985 1400 1066 1464 fecit
1079 1401 1177 1466 illum

226 1502 382 1581 occidere
405 1509 441 1565 et
462 1502 642 1583 pecuniam
667 1519 799 1583 rapere.
852 1501 897 1565 Et
920 1500 1042 1564 iterum
1072 1500 1176 1565 alium

227 1602 397 1678 nuntium,
432 1602 569 1665 nomine
605 1601 777 1678 Edrisum,
814 1599 969 1664 misimus
1005 1600 1048 1663 ad
1087 1601 1177 1678 eum,

228 1721 327 1785 quem
350 1703 385 1764 in
405 1720 506 1766 mare¹
525 1719 679 1782 mergere
705 1700 837 1780 voluit3
861 1699 922 1763 sed
946 1700 1046 1762 amici
1070 1702 1179 1765 nostri

228 1801 324 1864 illum
348 1820 369 1864 a
390 1800 485 1883 Tyro
509 1800 713 1865 festinanter
742 1800 897 1864 fecerunt
923 1799 1092 1876 recedere,
1118 1800 1178 1882 qui

229 1901 272 1964 ad
305 1919 367 1965 nos
397 1901 467 1964 cito
496 1901 663 1983 pervenit,
695 1906 731 1963 et
760 1900 828 1963 ista
861 1899 960 1963 nobis
991 1900 1177 1966 nuntiavit.

226 2000 306 2066 Nos
327 2019 465 2083 quoque
495 2019 539 2062 ex
570 1999 630 2064 illa
659 1998 744 2062 hora
771 1999 982 2064 Marchisum
1007 1999 1179 2063 desidera-

230 2101 341 2165 vimus
364 2099 540 2177 0ccidere3
573 2093 741 2181 ²tuncque
766 2098 852 2163 duos
874 2099 998 2163 fratres
1024 2099 1178 2162 misimus

230 2200 274 2265 ad
297 2199 442 2284 Tyrum,
464 2200 523 2281 qui
549 2219 627 2263 eum
653 2189 772 2281 aperte
789 2205 825 2262 et
850 2198 922 2262 fere
945 2218 1059 2263 coram
1087 2198 1180 2262 omni

230 2300 358 2382 populo
375 2298 461 2381 Tyri
484 2299 694 2364 occiderunt.
746 2296 836 2362 Haec
853 2298 974 2381 utique
994 2298 1060 2362 fuit
1075 2317 1181 2362 causa

231 2400 349 2463 mortis
376 2397 556 2475 Marchisi,
579 2406 614 2462 et
638 2399 724 2461 bene
747 2397 891 2461 dicimus
914 2398 1012 2462 vobis
1034 2398 1069 2460 in
1093 2397 1182 2461 veri·

231 2506 313 2578 tate,
332 2498 421 2582 quod
439 2498 597 2561 dominus
615 2496 789 2561 Ricardus
813 2517 875 2561 rex
902 2495 1040 2578 Angliae
1062 2496 1097 2559 in
1116 2496 1181 2560 hac

233 2597 399 2663 Marchisi
424 2604 536 2662 morte
562 2597 690 2661 nullam
713 2597 852 2679 culpam
879 2595 1025 2662 habuit:
1063 2604 1099 2659 et
1121 2596 1181 2679 qui

231 2706 372 2781 propter
395 2698 459 2762 hoc
481 2697 618 2760 domino
634 2698 708 2778 regi
724 2696 864 2778 Angliae
882 2697 1010 2760 malum
1025 2695 1180 2771 fecerint,

233 2799 360 2883 injuste
380 2795 522 2861 fecerint
542 2804 577 2860 et
593 2798 666 2860 sine
686 2816 803 2860 causa.
856 2795 982 2860 Sciatis
1004 2814 1067 2878 pro
1087 2804 1181 2859 certo

232 2899 323 2981 quod
340 2898 469 2960 nullum
489 2897 657 2960 hominem
677 2895 780 2980 hujus
802 2896 918 2960 mundi
945 2916 1007 2979 pro
1027 2896 1182 2962 mercede

233 2999 349 3080 aliqua
374 2996 429 3060 vel
459 2996 603 3078 pecunia
631 2996 827 3070 occidimus,
860 2997 927 3060 nisi
957 2997 1051 3079 prius
1082 2995 1182 3058 nobis

233 3099 360 3162 malum
383 3097 523 3174 fecerit3
553 3103 588 3159 et
614 3096 732 3160 sciatis
758 3096 849 3177 quod
876 3095 1011 3160 litteras
1039 3095 1182 3158 fecimus

233 3199 318 3262 istas
334 3198 369 3259 in
387 3196 488 3260 domo
507 3205 626 3260 nostra
643 3195 686 3258 ad
710 3194 887 3259 castellum
913 3203 1067 3258 nostrum
1091 3193 1182 3258 Mes·

233 3297 301 3362 siat
323 3297 358 3359 in
381 3296 520 3359 dimidio
544 3294 768 3376 Septembris,
791 3313 883 3358 anno
908 3295 952 3358 ab
980 3293 1182 3357 Alexandro

233 3395 413 3460 millesimo
431 3395 705 3477 quingentesimo
720 3387 883 3476 quinto.’³

284 3496 378 3558 Hinc
392 3494 615 3577 proculdubio
628 3513 742 3575 regem
756 3501 894 3558 constat
901 3512 978 3558 esse
991 3493 1182 3570 innoxium,

233 3596 315 3679 quia
331 3594 428 3658 salsae
450 3602 625 3676 conceptae
648 3593 909 3676 praesumptioni
932 3593 998 3656 rite
1020 3592 1182 3676 praejudi-

234 3703 291 3759 cat
319 3700 512 3776 spontanea
544 3694 593 3756 rei
624 3692 818 3772 confessi03
854 3692 913 3755 sed
943 3693 1002 3755 ubi
1034 3693 1183 3756 motibus

233 3795 304 3859 suis
344 3792 576 3857 indifferenter
609 3794 726 3873 agitur·
761 3792 979 3874 praecipitata
1010 3790 1183 3867 voluntaS,

272 4045 279 4076 ¹
296 4047 442 4096 ‘veritatem
450 4041 464 4106 ;’
482 4046 521 4094 M.
725 4042 878 4124 38.,though
889 4041 1069 4124 conditionaJIy
1076 4040 1185 4090 allowed

269 4150 522 4218 aaaron.
722 4112 1187 4246 illuditisindicta&

271 4257 282 4288 ³
296 4259 359 4309 This
369 4259 443 4307 letter
454 4258 483 4307 of
490 4259 498 4286 ‘
506 4257 560 4306 The
569 4256 622 4306 Old
634 4255 696 4304 Man
723 4255 800 4314 sides,
810 4254 853 4302 the
864 4252 923 4300 date
934 4252 997 4300 from
1005 4251 1152 4300 Alexander
1163 4250 1186 4298 is

235 4330 308 4380 ofthe
318 4323 468 4391 Mountoin,’
475 4328 577 4390 iliceto,
586 4326 696 4376 colliso.
722 4336 856 4372 erroneous
867 4323 900 4384 by
913 4326 954 4370 ten
965 4335 1049 4383 years.
