<?xml version="1.0" encoding="UTF-8"?>
<!DOCTYPE html PUBLIC "-//W3C//DTD XHTML 1.0 Transitional//EN"
    "http://www.w3.org/TR/xhtml1/DTD/xhtml1-transitional.dtd">
<html xmlns="http://www.w3.org/1999/xhtml" xml:lang="en" lang="en">
 <head>
  <title>
</title>
<meta http-equiv="Content-Type" content="text/html;charset=utf-8" />
  <meta name='ocr-system' content='tesseract 3.04.00' />
  <meta name='ocr-capabilities' content='ocr_page ocr_carea ocr_par ocr_line ocrx_word'/>
</head>
<body>
  <div class='ocr_page' id='page_1' title='image "./fnicholaitrivet00socigoog/fnicholaitrivet00socigoog_0132.png"; bbox 0 0 3204 5028; ppageno 0'>
   <div class='ocr_carea' id='block_1_1' title="bbox 421 517 1024 580">
    <p class='ocr_par' dir='ltr' id='par_1_1' title="bbox 421 517 1024 580">
     <span class='ocr_line' id='line_1_1' title="bbox 421 517 1024 580; baseline -0.002 -2"><span class='ocrx_word' id='word_1_1' title='bbox 421 517 485 580; x_wconf 89' lang='grc'><strong>100</strong></span> <span class='ocrx_word' id='word_1_2' title='bbox 789 532 861 579; x_wconf 82' lang='lat' dir='ltr'><strong>ruo.</strong></span> <span class='ocrx_word' id='word_1_3' title='bbox 878 532 1024 579; x_wconf 81' lang='lat' dir='ltr'><strong>rnrvnur</strong></span> 
     </span>
    </p>
   </div>
   <div class='ocr_carea' id='block_1_2' title="bbox 262 687 1376 771">
    <p class='ocr_par' dir='ltr' id='par_1_2' title="bbox 262 687 1376 771">
     <span class='ocr_line' id='line_1_2' title="bbox 262 687 1376 771; baseline -0.006 -14"><span class='ocrx_word' id='word_1_4' title='bbox 262 716 387 758; x_wconf 58' lang='lat' dir='ltr'><strong>moenu-</strong></span> <span class='ocrx_word' id='word_1_5' title='bbox 424 688 608 753; x_wconf 90' lang='lat' dir='ltr'><strong>tenendum</strong></span> <span class='ocrx_word' id='word_1_6' title='bbox 627 688 669 752; x_wconf 89' lang='lat' dir='ltr'><strong>de</strong></span> <span class='ocrx_word' id='word_1_7' title='bbox 685 688 761 771; x_wconf 89' lang='lat' dir='ltr'><strong>ipso</strong></span> <span class='ocrx_word' id='word_1_8' title='bbox 779 689 952 771; x_wconf 90' lang='lat' dir='ltr'><strong>episcopo,</strong></span> <span class='ocrx_word' id='word_1_9' title='bbox 973 696 1006 752; x_wconf 89' lang='lat' dir='ltr'><strong>et</strong></span> <span class='ocrx_word' id='word_1_10' title='bbox 1024 687 1208 769; x_wconf 90' lang='lat' dir='ltr'><strong>episcopus</strong></span> <span class='ocrx_word' id='word_1_11' title='bbox 1225 687 1268 750; x_wconf 90' lang='lat' dir='ltr'><strong>de</strong></span> <span class='ocrx_word' id='word_1_12' title='bbox 1285 707 1376 768; x_wconf 83' lang='lat' dir='ltr'><strong>rege.</strong></span> 
     </span>
    </p>
   </div>
   <div class='ocr_carea' id='block_1_3' title="bbox 262 766 351 808">
    <p class='ocr_par' dir='ltr' id='par_1_3' title="bbox 262 766 351 808">
     <span class='ocr_line' id='line_1_3' title="bbox 262 766 351 808; baseline -0.022 0"><span class='ocrx_word' id='word_1_13' title='bbox 262 766 351 808; x_wconf 70' lang='lat' dir='ltr'><strong>mutor</strong></span> 
     </span>
    </p>
   </div>
   <div class='ocr_carea' id='block_1_4' title="bbox 261 786 1381 868">
    <p class='ocr_par' dir='ltr' id='par_1_4' title="bbox 261 786 1381 868">
     <span class='ocr_line' id='line_1_4' title="bbox 261 786 1381 868; baseline -0.006 -10"><span class='ocrx_word' id='word_1_14' title='bbox 261 828 334 868; x_wconf 65' lang='lat' dir='ltr'><strong>psas.</strong></span> <span class='ocrx_word' id='word_1_15' title='bbox 427 789 560 853; x_wconf 86' lang='lat' dir='ltr'><strong>Civitas</strong></span> <span class='ocrx_word' id='word_1_16' title='bbox 584 786 840 867; x_wconf 86' lang='lat' dir='ltr'><strong>Ambianensis,</strong></span> <span class='ocrx_word' id='word_1_17' title='bbox 864 788 1086 854; x_wconf 86' lang='lat' dir='ltr'>concessione</span> <span class='ocrx_word' id='word_1_18' title='bbox 1112 787 1204 868; x_wconf 85' lang='lat' dir='ltr'><strong>regis</strong></span> <span class='ocrx_word' id='word_1_19' title='bbox 1229 787 1381 851; x_wconf 88' lang='lat' dir='ltr'><strong>Franco-</strong></span> 
     </span>
    </p>
   </div>
   <div class='ocr_carea' id='block_1_5' title="bbox 427 886 1401 3860">
    <p class='ocr_par' dir='ltr' id='par_1_5' title="bbox 427 886 1395 3148">
     <span class='ocr_line' id='line_1_5' title="bbox 427 886 1379 971; baseline -0.003 -19"><span class='ocrx_word' id='word_1_20' title='bbox 427 908 515 966; x_wconf 85' lang='lat' dir='ltr'>rum,</span> <span class='ocrx_word' id='word_1_21' title='bbox 532 888 697 952; x_wconf 86' lang='lat' dir='ltr'><strong>remansit</strong></span> <span class='ocrx_word' id='word_1_22' title='bbox 713 889 875 971; x_wconf 89' lang='lat' dir='ltr'><strong>episcopo</strong></span> <span class='ocrx_word' id='word_1_23' title='bbox 892 887 1130 963; x_wconf 84' lang='lat' dir='ltr'><strong>Ambianensi,</strong></span> <span class='ocrx_word' id='word_1_24' title='bbox 1147 886 1189 950; x_wconf 90' lang='lat' dir='ltr'><strong>de</strong></span> <span class='ocrx_word' id='word_1_25' title='bbox 1204 888 1281 969; x_wconf 87' lang='lat' dir='ltr'><strong>ipso</strong></span> <span class='ocrx_word' id='word_1_26' title='bbox 1298 906 1379 968; x_wconf 86' lang='lat' dir='ltr'><strong>rege</strong></span> 
     </span>
     <span class='ocr_line' id='line_1_6' title="bbox 430 987 1381 1070; baseline -0.006 -16"><span class='ocrx_word' id='word_1_27' title='bbox 430 988 600 1067; x_wconf 82' lang='lat' dir='ltr'><strong>tenenda3</strong></span> <span class='ocrx_word' id='word_1_28' title='bbox 633 995 670 1052; x_wconf 92' lang='lat' dir='ltr'><strong>et</strong></span> <span class='ocrx_word' id='word_1_29' title='bbox 692 990 721 1052; x_wconf 87' lang='lat' dir='ltr'><strong>si</strong></span> <span class='ocrx_word' id='word_1_30' title='bbox 744 1007 858 1052; x_wconf 89' lang='lat' dir='ltr'><strong>comes</strong></span> <span class='ocrx_word' id='word_1_31' title='bbox 881 987 1055 1052; x_wconf 83' lang='lat' dir='ltr'><strong>Flaudriee</strong></span> <span class='ocrx_word' id='word_1_32' title='bbox 1080 987 1263 1070; x_wconf 87' lang='lat' dir='ltr'><strong>quicquam</strong></span> <span class='ocrx_word' id='word_1_33' title='bbox 1287 987 1320 1049; x_wconf 91' lang='lat' dir='ltr'><strong>in</strong></span> <span class='ocrx_word' id='word_1_34' title='bbox 1340 1004 1381 1049; x_wconf 91' lang='lat' dir='ltr'><strong>ea</strong></span> 
     </span>
     <span class='ocr_line' id='line_1_7' title="bbox 429 1079 1382 1172; baseline -0.005 -19"><span class='ocrx_word' id='word_1_35' title='bbox 429 1079 703 1164; x_wconf 78' lang='lat' dir='ltr'>calumniabitur,</span> <span class='ocrx_word' id='word_1_36' title='bbox 731 1089 912 1172; x_wconf 85' lang='lat' dir='ltr'><strong>episcopus</strong></span> <span class='ocrx_word' id='word_1_37' title='bbox 938 1086 1182 1152; x_wconf 81' lang='lat' dir='ltr'><strong>Ambianensis</strong></span> <span class='ocrx_word' id='word_1_38' title='bbox 1207 1087 1286 1150; x_wconf 90' lang='lat' dir='ltr'><strong>inde</strong></span> <span class='ocrx_word' id='word_1_39' title='bbox 1316 1087 1382 1168; x_wconf 93' lang='lat' dir='ltr'><strong>ipsi</strong></span> 
     </span>
     <span class='ocr_line' id='line_1_8' title="bbox 430 1180 1382 1272; baseline -0.003 -20"><span class='ocrx_word' id='word_1_40' title='bbox 430 1189 547 1252; x_wconf 89' lang='lat' dir='ltr'><strong>comiti</strong></span> <span class='ocrx_word' id='word_1_41' title='bbox 582 1187 830 1270; x_wconf 84' lang='lat' dir='ltr'><strong>plenitudinem</strong></span> <span class='ocrx_word' id='word_1_42' title='bbox 856 1187 1004 1272; x_wconf 85' lang='lat' dir='ltr'><strong>justitiae</strong></span> <span class='ocrx_word' id='word_1_43' title='bbox 1032 1180 1083 1249; x_wconf 91' lang='lat' dir='ltr'><strong>¹in</strong></span> <span class='ocrx_word' id='word_1_44' title='bbox 1115 1206 1178 1250; x_wconf 86' lang='lat' dir='ltr'><strong>sua</strong></span> <span class='ocrx_word' id='word_1_45' title='bbox 1203 1186 1259 1251; x_wconf 87' lang='lat' dir='ltr'><strong>vel</strong></span> <span class='ocrx_word' id='word_1_46' title='bbox 1286 1186 1382 1267; x_wconf 81' lang='lat' dir='ltr'><strong>regia</strong></span> 
     </span>
     <span class='ocr_line' id='line_1_9' title="bbox 431 1279 1382 1353; baseline -0.002 -1"><span class='ocrx_word' id='word_1_47' title='bbox 431 1288 528 1353; x_wconf 88' lang='lat' dir='ltr'><strong>curia</strong></span> <span class='ocrx_word' id='word_1_48' title='bbox 543 1286 729 1352; x_wconf 85' lang='lat' dir='ltr'><strong>exhibebit.</strong></span> <span class='ocrx_word' id='word_1_49' title='bbox 766 1287 891 1352; x_wconf 85' lang='lat' dir='ltr'><strong>Comes</strong></span> <span class='ocrx_word' id='word_1_50' title='bbox 909 1286 1140 1352; x_wconf 85' lang='lat' dir='ltr'><strong>Glaremontis</strong></span> <span class='ocrx_word' id='word_1_51' title='bbox 1157 1293 1193 1350; x_wconf 92' lang='lat' dir='ltr'><strong>et</strong></span> <span class='ocrx_word' id='word_1_52' title='bbox 1206 1279 1382 1351; x_wconf 83' lang='lat' dir='ltr'><strong>²Raderus</strong></span> 
     </span>
     <span class='ocr_line' id='line_1_10' title="bbox 431 1385 1384 1466; baseline -0.002 -14"><span class='ocrx_word' id='word_1_53' title='bbox 431 1388 475 1452; x_wconf 91' lang='lat' dir='ltr'><strong>de</strong></span> <span class='ocrx_word' id='word_1_54' title='bbox 508 1386 670 1451; x_wconf 88' lang='lat' dir='ltr'><strong>Thusaco</strong></span> <span class='ocrx_word' id='word_1_55' title='bbox 700 1394 878 1452; x_wconf 85' lang='lat' dir='ltr'><strong>remanent</strong></span> <span class='ocrx_word' id='word_1_56' title='bbox 909 1407 953 1451; x_wconf 84' lang='lat' dir='ltr'><strong>ex</strong></span> <span class='ocrx_word' id='word_1_57' title='bbox 982 1393 1056 1450; x_wconf 90' lang='lat' dir='ltr'><strong>toto</strong></span> <span class='ocrx_word' id='word_1_58' title='bbox 1086 1387 1122 1449; x_wconf 90' lang='lat' dir='ltr'><strong>in</strong></span> <span class='ocrx_word' id='word_1_59' title='bbox 1156 1405 1260 1449; x_wconf 88' lang='lat' dir='ltr'><strong>manu</strong></span> <span class='ocrx_word' id='word_1_60' title='bbox 1292 1385 1384 1466; x_wconf 81' lang='lat' dir='ltr'><strong>regis</strong></span> 
     </span>
     <span class='ocr_line' id='line_1_11' title="bbox 434 1484 1384 1564; baseline -0.005 -12"><span class='ocrx_word' id='word_1_61' title='bbox 434 1487 660 1564; x_wconf 87' lang='lat' dir='ltr'><strong>Francorum,</strong></span> <span class='ocrx_word' id='word_1_62' title='bbox 685 1487 784 1551; x_wconf 89' lang='lat' dir='ltr'><strong>liberi</strong></span> <span class='ocrx_word' id='word_1_63' title='bbox 818 1487 957 1551; x_wconf 90' lang='lat' dir='ltr'><strong>omnino</strong></span> <span class='ocrx_word' id='word_1_64' title='bbox 991 1504 1013 1548; x_wconf 86' lang='lat' dir='ltr'><strong>a</strong></span> <span class='ocrx_word' id='word_1_65' title='bbox 1042 1487 1167 1549; x_wconf 83' lang='lat' dir='ltr'><strong>comite</strong></span> <span class='ocrx_word' id='word_1_66' title='bbox 1199 1484 1384 1548; x_wconf 80' lang='lat' dir='ltr'><strong>Flaudriae.</strong></span> 
     </span>
     <span class='ocr_line' id='line_1_12' title="bbox 435 1584 1383 1670; baseline -0.006 -18"><span class='ocrx_word' id='word_1_67' title='bbox 435 1586 620 1670; x_wconf 90' lang='lat' dir='ltr'><strong>Philippus</strong></span> <span class='ocrx_word' id='word_1_68' title='bbox 640 1607 779 1670; x_wconf 91' lang='lat' dir='ltr'><strong>quoque</strong></span> <span class='ocrx_word' id='word_1_69' title='bbox 804 1587 1027 1651; x_wconf 86' lang='lat' dir='ltr'><strong>Flaudrensis</strong></span> <span class='ocrx_word' id='word_1_70' title='bbox 1050 1584 1213 1649; x_wconf 89' lang='lat' dir='ltr'><strong>clamavit</strong></span> <span class='ocrx_word' id='word_1_71' title='bbox 1229 1586 1383 1667; x_wconf 87' lang='lat' dir='ltr'><strong>quietum</strong></span> 
     </span>
     <span class='ocr_line' id='line_1_13' title="bbox 435 1684 1387 1768; baseline -0.003 -18"><span class='ocrx_word' id='word_1_72' title='bbox 435 1686 626 1753; x_wconf 92' lang='lat' dir='ltr'><strong>Henricum</strong></span> <span class='ocrx_word' id='word_1_73' title='bbox 639 1706 767 1768; x_wconf 86' lang='lat' dir='ltr'><strong>regem,</strong></span> <span class='ocrx_word' id='word_1_74' title='bbox 778 1686 887 1750; x_wconf 91' lang='lat' dir='ltr'><strong>filium</strong></span> <span class='ocrx_word' id='word_1_75' title='bbox 902 1684 1206 1767; x_wconf 85' lang='lat' dir='ltr'><strong>regisAnglorum,</strong></span> <span class='ocrx_word' id='word_1_76' title='bbox 1220 1685 1263 1750; x_wconf 92' lang='lat' dir='ltr'><strong>de</strong></span> <span class='ocrx_word' id='word_1_77' title='bbox 1278 1686 1387 1748; x_wconf 87' lang='lat' dir='ltr'><strong>cinni-</strong></span> 
     </span>
     <span class='ocr_line' id='line_1_14' title="bbox 435 1783 1386 1869; baseline -0.001 -20"><span class='ocrx_word' id='word_1_78' title='bbox 435 1787 500 1849; x_wconf 89' lang='lat' dir='ltr'><strong>bus</strong></span> <span class='ocrx_word' id='word_1_79' title='bbox 522 1787 806 1851; x_wconf 84' lang='lat' dir='ltr'><strong>conventionibus</strong></span> <span class='ocrx_word' id='word_1_80' title='bbox 829 1806 907 1869; x_wconf 87' lang='lat' dir='ltr'><strong>quae</strong></span> <span class='ocrx_word' id='word_1_81' title='bbox 932 1787 1104 1850; x_wconf 88' lang='lat' dir='ltr'><strong>intereos</strong></span> <span class='ocrx_word' id='word_1_82' title='bbox 1130 1792 1239 1849; x_wconf 90' lang='lat' dir='ltr'><strong>erant.</strong></span> <span class='ocrx_word' id='word_1_83' title='bbox 1292 1783 1386 1849; x_wconf 85' lang='lat' dir='ltr'><strong>Gou-</strong></span> 
     </span>
     <span class='ocr_line' id='line_1_15' title="bbox 436 1879 1387 1967; baseline -0.002 -17"><span class='ocrx_word' id='word_1_84' title='bbox 436 1885 541 1950; x_wconf 88' lang='lat' dir='ltr'><strong>cessit</strong></span> <span class='ocrx_word' id='word_1_85' title='bbox 554 1885 657 1949; x_wconf 88' lang='lat' dir='ltr'><strong>etiam</strong></span> <span class='ocrx_word' id='word_1_86' title='bbox 669 1893 709 1950; x_wconf 92' lang='lat' dir='ltr'><strong>ut</strong></span> <span class='ocrx_word' id='word_1_87' title='bbox 722 1887 870 1950; x_wconf 85' lang='lat' dir='ltr'><strong>barones</strong></span> <span class='ocrx_word' id='word_1_88' title='bbox 880 1886 1056 1951; x_wconf 88' lang='lat' dir='ltr'><strong>Flaudriae</strong></span> <span class='ocrx_word' id='word_1_89' title='bbox 1073 1879 1243 1967; x_wconf 78' lang='lat' dir='ltr'><strong>³plenarie</strong></span> <span class='ocrx_word' id='word_1_90' title='bbox 1257 1885 1387 1948; x_wconf 88' lang='lat' dir='ltr'><strong>faciant</strong></span> 
     </span>
     <span class='ocr_line' id='line_1_16' title="bbox 437 1983 1389 2068; baseline -0.001 -20"><span class='ocrx_word' id='word_1_91' title='bbox 437 1986 511 2066; x_wconf 84' lang='lat' dir='ltr'><strong>regi</strong></span> <span class='ocrx_word' id='word_1_92' title='bbox 546 1983 738 2067; x_wconf 84' lang='lat' dir='ltr'><strong>Anglorum</strong></span> <span class='ocrx_word' id='word_1_93' title='bbox 770 1987 961 2059; x_wconf 88' lang='lat' dir='ltr'><strong>servitium,</strong></span> <span class='ocrx_word' id='word_1_94' title='bbox 994 1985 1086 2068; x_wconf 90' lang='lat' dir='ltr'><strong>quod</strong></span> <span class='ocrx_word' id='word_1_95' title='bbox 1124 1985 1156 2048; x_wconf 90' lang='lat' dir='ltr'><strong>ei</strong></span> <span class='ocrx_word' id='word_1_96' title='bbox 1186 1984 1312 2048; x_wconf 88' lang='lat' dir='ltr'><strong>debent</strong></span> <span class='ocrx_word' id='word_1_97' title='bbox 1345 1984 1389 2047; x_wconf 91' lang='lat' dir='ltr'><strong>de</strong></span> 
     </span>
     <span class='ocr_line' id='line_1_17' title="bbox 438 2084 1391 2169; baseline 0 -21"><span class='ocrx_word' id='word_1_98' title='bbox 438 2085 538 2149; x_wconf 81' lang='lat' dir='ltr'><strong>feodo</strong></span> <span class='ocrx_word' id='word_1_99' title='bbox 567 2085 660 2169; x_wconf 89' lang='lat' dir='ltr'><strong>quod</strong></span> <span class='ocrx_word' id='word_1_100' title='bbox 686 2086 730 2150; x_wconf 90' lang='lat' dir='ltr'><strong>de</strong></span> <span class='ocrx_word' id='word_1_101' title='bbox 755 2087 832 2168; x_wconf 89' lang='lat' dir='ltr'><strong>ipso</strong></span> <span class='ocrx_word' id='word_1_102' title='bbox 858 2093 995 2164; x_wconf 84' lang='lat' dir='ltr'><strong>tenent3</strong></span> <span class='ocrx_word' id='word_1_103' title='bbox 1022 2092 1058 2150; x_wconf 90' lang='lat' dir='ltr'><strong>et</strong></span> <span class='ocrx_word' id='word_1_104' title='bbox 1081 2085 1172 2168; x_wconf 91' lang='lat' dir='ltr'><strong>quod</strong></span> <span class='ocrx_word' id='word_1_105' title='bbox 1199 2084 1299 2148; x_wconf 86' lang='lat' dir='ltr'><strong>feoda</strong></span> <span class='ocrx_word' id='word_1_106' title='bbox 1328 2084 1391 2148; x_wconf 91' lang='lat' dir='ltr'><strong>illa</strong></span> 
     </span>
     <span class='ocr_line' id='line_1_18' title="bbox 438 2184 1390 2269; baseline 0 -21"><span class='ocrx_word' id='word_1_107' title='bbox 438 2186 513 2249; x_wconf 85' lang='lat' dir='ltr'><strong>siue</strong></span> <span class='ocrx_word' id='word_1_108' title='bbox 527 2187 788 2269; x_wconf 85' lang='lat' dir='ltr'><strong>recuperatione</strong></span> <span class='ocrx_word' id='word_1_109' title='bbox 809 2187 983 2262; x_wconf 86' lang='lat' dir='ltr'><strong>amittant,</strong></span> <span class='ocrx_word' id='word_1_110' title='bbox 1001 2186 1067 2249; x_wconf 92' lang='lat' dir='ltr'><strong>nisi</strong></span> <span class='ocrx_word' id='word_1_111' title='bbox 1088 2185 1231 2248; x_wconf 87' lang='lat' dir='ltr'><strong>servitia</strong></span> <span class='ocrx_word' id='word_1_112' title='bbox 1249 2185 1280 2248; x_wconf 92' lang='lat' dir='ltr'><strong>ei</strong></span> <span class='ocrx_word' id='word_1_113' title='bbox 1299 2184 1390 2248; x_wconf 89' lang='lat' dir='ltr'><strong>fece·</strong></span> 
     </span>
     <span class='ocr_line' id='line_1_19' title="bbox 439 2278 1390 2367; baseline -0.001 -17"><span class='ocrx_word' id='word_1_114' title='bbox 439 2278 534 2350; x_wconf 77' lang='lat' dir='ltr'><strong>rint.⁴</strong></span> <span class='ocrx_word' id='word_1_115' title='bbox 570 2285 741 2350; x_wconf 85' lang='lat' dir='ltr'><strong>Convenit</strong></span> <span class='ocrx_word' id='word_1_116' title='bbox 756 2287 860 2350; x_wconf 91' lang='lat' dir='ltr'><strong>etiam</strong></span> <span class='ocrx_word' id='word_1_117' title='bbox 873 2285 998 2349; x_wconf 88' lang='lat' dir='ltr'><strong>ibidem</strong></span> <span class='ocrx_word' id='word_1_118' title='bbox 1016 2286 1106 2349; x_wconf 88' lang='lat' dir='ltr'><strong>inter</strong></span> <span class='ocrx_word' id='word_1_119' title='bbox 1123 2305 1238 2367; x_wconf 86' lang='lat' dir='ltr'><strong>regem</strong></span> <span class='ocrx_word' id='word_1_120' title='bbox 1251 2281 1390 2366; x_wconf 80' lang='lat' dir='ltr'><strong>Angliae</strong></span> 
     </span>
     <span class='ocr_line' id='line_1_20' title="bbox 439 2384 1392 2467; baseline -0.002 -17"><span class='ocrx_word' id='word_1_121' title='bbox 439 2393 476 2450; x_wconf 90' lang='lat' dir='ltr'><strong>et</strong></span> <span class='ocrx_word' id='word_1_122' title='bbox 490 2387 649 2451; x_wconf 90' lang='lat' dir='ltr'><strong>comitem</strong></span> <span class='ocrx_word' id='word_1_123' title='bbox 672 2386 858 2463; x_wconf 86' lang='lat' dir='ltr'><strong>Flandriae,</strong></span> <span class='ocrx_word' id='word_1_124' title='bbox 879 2386 969 2467; x_wconf 89' lang='lat' dir='ltr'><strong>quod</strong></span> <span class='ocrx_word' id='word_1_125' title='bbox 995 2384 1109 2448; x_wconf 88' lang='lat' dir='ltr'><strong>nullus</strong></span> <span class='ocrx_word' id='word_1_126' title='bbox 1132 2405 1177 2448; x_wconf 86' lang='lat' dir='ltr'><strong>ex</strong></span> <span class='ocrx_word' id='word_1_127' title='bbox 1199 2384 1271 2447; x_wconf 89' lang='lat' dir='ltr'><strong>suis</strong></span> <span class='ocrx_word' id='word_1_128' title='bbox 1290 2384 1392 2448; x_wconf 86' lang='lat' dir='ltr'><strong>arnit-</strong></span> 
     </span>
     <span class='ocr_line' id='line_1_21' title="bbox 441 2484 1392 2568; baseline -0.001 -19"><span class='ocrx_word' id='word_1_129' title='bbox 441 2492 531 2551; x_wconf 89' lang='lat' dir='ltr'><strong>teret</strong></span> <span class='ocrx_word' id='word_1_130' title='bbox 546 2494 672 2550; x_wconf 87' lang='lat' dir='ltr'><strong>terram</strong></span> <span class='ocrx_word' id='word_1_131' title='bbox 693 2487 729 2549; x_wconf 94' lang='lat' dir='ltr'><strong>iu</strong></span> <span class='ocrx_word' id='word_1_132' title='bbox 748 2486 914 2550; x_wconf 87' lang='lat' dir='ltr'><strong>Flandria</strong></span> <span class='ocrx_word' id='word_1_133' title='bbox 936 2492 1077 2568; x_wconf 89' lang='lat' dir='ltr'><strong>propter</strong></span> <span class='ocrx_word' id='word_1_134' title='bbox 1098 2485 1278 2549; x_wconf 84' lang='lat' dir='ltr'><strong>servitium</strong></span> <span class='ocrx_word' id='word_1_135' title='bbox 1299 2484 1392 2564; x_wconf 83' lang='lat' dir='ltr'><strong>regis</strong></span> 
     </span>
     <span class='ocr_line' id='line_1_22' title="bbox 441 2583 1390 2666; baseline 0 -17"><span class='ocrx_word' id='word_1_136' title='bbox 441 2583 594 2666; x_wconf 83' lang='lat' dir='ltr'><strong>Angliae,</strong></span> <span class='ocrx_word' id='word_1_137' title='bbox 610 2585 640 2648; x_wconf 91' lang='lat' dir='ltr'><strong>si</strong></span> <span class='ocrx_word' id='word_1_138' title='bbox 655 2585 722 2650; x_wconf 87' lang='lat' dir='ltr'><strong>sibi</strong></span> <span class='ocrx_word' id='word_1_139' title='bbox 738 2586 900 2650; x_wconf 83' lang='lat' dir='ltr'><strong>servituri</strong></span> <span class='ocrx_word' id='word_1_140' title='bbox 914 2586 950 2648; x_wconf 93' lang='lat' dir='ltr'><strong>in</strong></span> <span class='ocrx_word' id='word_1_141' title='bbox 968 2593 1092 2649; x_wconf 90' lang='lat' dir='ltr'><strong>terram</strong></span> <span class='ocrx_word' id='word_1_142' title='bbox 1107 2603 1205 2648; x_wconf 84' lang='lat' dir='ltr'><strong>suam</strong></span> <span class='ocrx_word' id='word_1_143' title='bbox 1223 2585 1390 2649; x_wconf 87' lang='lat' dir='ltr'><strong>venerint.</strong></span> 
     </span>
     <span class='ocr_line' id='line_1_23' title="bbox 443 2683 1394 2768; baseline -0.001 -20"><span class='ocrx_word' id='word_1_144' title='bbox 443 2685 613 2749; x_wconf 88' lang='lat' dir='ltr'><strong>Omnibus</strong></span> <span class='ocrx_word' id='word_1_145' title='bbox 637 2685 745 2767; x_wconf 86' lang='lat' dir='ltr'><strong>igitur</strong></span> <span class='ocrx_word' id='word_1_146' title='bbox 771 2685 813 2749; x_wconf 91' lang='lat' dir='ltr'><strong>ad</strong></span> <span class='ocrx_word' id='word_1_147' title='bbox 840 2705 960 2768; x_wconf 87' lang='lat' dir='ltr'><strong>pacem</strong></span> <span class='ocrx_word' id='word_1_148' title='bbox 988 2683 1151 2762; x_wconf 89' lang='lat' dir='ltr'><strong>reductis,</strong></span> <span class='ocrx_word' id='word_1_149' title='bbox 1175 2690 1347 2767; x_wconf 88' lang='lat' dir='ltr'><strong>quotquot</strong></span> <span class='ocrx_word' id='word_1_150' title='bbox 1372 2703 1394 2747; x_wconf 91' lang='lat' dir='ltr'><strong>a</strong></span> 
     </span>
     <span class='ocr_line' id='line_1_24' title="bbox 442 2783 1393 2868; baseline 0.001 -22"><span class='ocrx_word' id='word_1_151' title='bbox 442 2783 610 2849; x_wconf 83' lang='lat' dir='ltr'><strong>fidelitate</strong></span> <span class='ocrx_word' id='word_1_152' title='bbox 626 2785 717 2866; x_wconf 86' lang='lat' dir='ltr'><strong>regis</strong></span> <span class='ocrx_word' id='word_1_153' title='bbox 738 2785 952 2850; x_wconf 89' lang='lat' dir='ltr'><strong>Francorum</strong></span> <span class='ocrx_word' id='word_1_154' title='bbox 972 2791 1007 2848; x_wconf 92' lang='lat' dir='ltr'><strong>et</strong></span> <span class='ocrx_word' id='word_1_155' title='bbox 1024 2803 1131 2868; x_wconf 87' lang='lat' dir='ltr'><strong>opera</strong></span> <span class='ocrx_word' id='word_1_156' title='bbox 1153 2784 1393 2861; x_wconf 87' lang='lat' dir='ltr'><strong>discesserant,</strong></span> 
     </span>
     <span class='ocr_line' id='line_1_25' title="bbox 444 2882 1394 2968; baseline 0.002 -23"><span class='ocrx_word' id='word_1_157' title='bbox 444 2883 617 2949; x_wconf 89' lang='lat' dir='ltr'><strong>redierunt</strong></span> <span class='ocrx_word' id='word_1_158' title='bbox 645 2885 682 2947; x_wconf 90' lang='lat' dir='ltr'><strong>in</strong></span> <span class='ocrx_word' id='word_1_159' title='bbox 712 2885 787 2968; x_wconf 90' lang='lat' dir='ltr'><strong>ejus</strong></span> <span class='ocrx_word' id='word_1_160' title='bbox 818 2884 1019 2967; x_wconf 69' lang='lat' dir='ltr'><strong>ligantiam</strong></span> <span class='ocrx_word' id='word_1_161' title='bbox 1053 2885 1180 2948; x_wconf 87' lang='lat' dir='ltr'><strong>damna</strong></span> <span class='ocrx_word' id='word_1_162' title='bbox 1211 2891 1283 2947; x_wconf 88' lang='lat' dir='ltr'><strong>tam</strong></span> <span class='ocrx_word' id='word_1_163' title='bbox 1314 2882 1394 2947; x_wconf 91' lang='lat' dir='ltr'><strong>binc</strong></span> 
     </span>
     <span class='ocr_line' id='line_1_26' title="bbox 445 2983 1395 3067; baseline 0 -21"><span class='ocrx_word' id='word_1_164' title='bbox 445 3003 548 3066; x_wconf 91' lang='lat' dir='ltr'><strong>quam</strong></span> <span class='ocrx_word' id='word_1_165' title='bbox 574 2984 668 3050; x_wconf 90' lang='lat' dir='ltr'><strong>illinc</strong></span> <span class='ocrx_word' id='word_1_166' title='bbox 691 2984 802 3062; x_wconf 86' lang='lat' dir='ltr'><strong>illata,</strong></span> <span class='ocrx_word' id='word_1_167' title='bbox 822 2993 943 3049; x_wconf 89' lang='lat' dir='ltr'><strong>mutua</strong></span> <span class='ocrx_word' id='word_1_168' title='bbox 969 2985 1259 3067; x_wconf 88' lang='lat' dir='ltr'><strong>compensatione,</strong></span> <span class='ocrx_word' id='word_1_169' title='bbox 1280 2983 1395 3048; x_wconf 88' lang='lat' dir='ltr'><strong>deleta</strong></span> 
     </span>
     <span class='ocr_line' id='line_1_27' title="bbox 444 3091 538 3148; baseline 0.021 -2"><span class='ocrx_word' id='word_1_170' title='bbox 444 3091 538 3148; x_wconf 87' lang='lat' dir='ltr'><strong>sunt.</strong></span> 
     </span>
    </p>

    <p class='ocr_par' dir='ltr' id='par_1_6' title="bbox 447 3181 1401 3860">
     <span class='ocr_line' id='line_1_28' title="bbox 498 3181 1400 3266; baseline 0 -20"><span class='ocrx_word' id='word_1_171' title='bbox 498 3182 672 3247; x_wconf 88' lang='lat' dir='ltr'><strong>Henricus</strong></span> <span class='ocrx_word' id='word_1_172' title='bbox 694 3184 767 3248; x_wconf 85' lang='lat' dir='ltr'><strong>dux</strong></span> <span class='ocrx_word' id='word_1_173' title='bbox 787 3184 966 3249; x_wconf 88' lang='lat' dir='ltr'><strong>Saxonum</strong></span> <span class='ocrx_word' id='word_1_174' title='bbox 984 3184 1278 3266; x_wconf 86' lang='lat' dir='ltr'><strong>archiepiscopum</strong></span> <span class='ocrx_word' id='word_1_175' title='bbox 1298 3181 1400 3247; x_wconf 84' lang='lat' dir='ltr'><strong>Colu-</strong></span> 
     </span>
     <span class='ocr_line' id='line_1_29' title="bbox 447 3282 1398 3370; baseline -0.002 -24"><span class='ocrx_word' id='word_1_176' title='bbox 447 3284 597 3348; x_wconf 88' lang='lat' dir='ltr'><strong>niensem</strong></span> <span class='ocrx_word' id='word_1_177' title='bbox 628 3284 761 3348; x_wconf 87' lang='lat' dir='ltr'><strong>damnis</strong></span> <span class='ocrx_word' id='word_1_178' title='bbox 792 3291 827 3348; x_wconf 85' lang='lat' dir='ltr'><strong>et</strong></span> <span class='ocrx_word' id='word_1_179' title='bbox 855 3285 989 3370; x_wconf 90' lang='lat' dir='ltr'><strong>injuriis</strong></span> <span class='ocrx_word' id='word_1_180' title='bbox 1018 3284 1156 3362; x_wconf 88' lang='lat' dir='ltr'><strong>affecit;</strong></span> <span class='ocrx_word' id='word_1_181' title='bbox 1190 3284 1251 3367; x_wconf 92' lang='lat' dir='ltr'><strong>qui</strong></span> <span class='ocrx_word' id='word_1_182' title='bbox 1279 3282 1398 3347; x_wconf 84' lang='lat' dir='ltr'><strong>favore</strong></span> 
     </span>
     <span class='ocr_line' id='line_1_30' title="bbox 447 3383 1397 3467; baseline 0 -21"><span class='ocrx_word' id='word_1_183' title='bbox 447 3384 665 3467; x_wconf 87' lang='lat' dir='ltr'><strong>imperatoris</strong></span> <span class='ocrx_word' id='word_1_184' title='bbox 700 3392 736 3449; x_wconf 89' lang='lat' dir='ltr'><strong>et</strong></span> <span class='ocrx_word' id='word_1_185' title='bbox 770 3385 963 3467; x_wconf 89' lang='lat' dir='ltr'><strong>principum</strong></span> <span class='ocrx_word' id='word_1_186' title='bbox 999 3384 1160 3461; x_wconf 88' lang='lat' dir='ltr'><strong>obtinuit,</strong></span> <span class='ocrx_word' id='word_1_187' title='bbox 1193 3390 1234 3447; x_wconf 91' lang='lat' dir='ltr'><strong>ut</strong></span> <span class='ocrx_word' id='word_1_188' title='bbox 1260 3383 1332 3447; x_wconf 87' lang='lat' dir='ltr'><strong>dux</strong></span> <span class='ocrx_word' id='word_1_189' title='bbox 1361 3383 1397 3446; x_wconf 92' lang='lat' dir='ltr'><strong>in</strong></span> 
     </span>
     <span class='ocr_line' id='line_1_31' title="bbox 447 3483 1398 3566; baseline -0.002 -20"><span class='ocrx_word' id='word_1_190' title='bbox 447 3483 591 3548; x_wconf 87' lang='lat' dir='ltr'><strong>exilium</strong></span> <span class='ocrx_word' id='word_1_191' title='bbox 616 3491 810 3566; x_wconf 85' lang='lat' dir='ltr'><strong>cogeretur.</strong></span> <span class='ocrx_word' id='word_1_192' title='bbox 862 3484 933 3564; x_wconf 84' lang='lat' dir='ltr'><strong>Qui</strong></span> <span class='ocrx_word' id='word_1_193' title='bbox 955 3484 998 3549; x_wconf 86' lang='lat' dir='ltr'><strong>ad</strong></span> <span class='ocrx_word' id='word_1_194' title='bbox 1023 3503 1179 3548; x_wconf 88' lang='lat' dir='ltr'><strong>socerum</strong></span> <span class='ocrx_word' id='word_1_195' title='bbox 1207 3502 1320 3560; x_wconf 86' lang='lat' dir='ltr'><strong>suum,</strong></span> <span class='ocrx_word' id='word_1_196' title='bbox 1348 3501 1398 3545; x_wconf 86' lang='lat' dir='ltr'><strong>re-</strong></span> 
     </span>
     <span class='ocr_line' id='line_1_32' title="bbox 448 3582 1400 3667; baseline -0.001 -21"><span class='ocrx_word' id='word_1_197' title='bbox 448 3603 525 3664; x_wconf 87' lang='lat' dir='ltr'><strong>gem</strong></span> <span class='ocrx_word' id='word_1_198' title='bbox 555 3582 747 3666; x_wconf 80' lang='lat' dir='ltr'><strong>Anglorum</strong></span> <span class='ocrx_word' id='word_1_199' title='bbox 774 3584 966 3649; x_wconf 87' lang='lat' dir='ltr'><strong>Henricum</strong></span> <span class='ocrx_word' id='word_1_200' title='bbox 993 3591 1139 3667; x_wconf 88' lang='lat' dir='ltr'><strong>patrem,</strong></span> <span class='ocrx_word' id='word_1_201' title='bbox 1164 3583 1201 3646; x_wconf 91' lang='lat' dir='ltr'><strong>in</strong></span> <span class='ocrx_word' id='word_1_202' title='bbox 1226 3583 1400 3646; x_wconf 89' lang='lat' dir='ltr'><strong>Normau·</strong></span> 
     </span>
     <span class='ocr_line' id='line_1_33' title="bbox 448 3681 1401 3760; baseline -0.003 -12"><span class='ocrx_word' id='word_1_203' title='bbox 448 3683 540 3748; x_wconf 89' lang='lat' dir='ltr'><strong>niam</strong></span> <span class='ocrx_word' id='word_1_204' title='bbox 557 3685 707 3759; x_wconf 85' lang='lat' dir='ltr'><strong>veniens,</strong></span> <span class='ocrx_word' id='word_1_205' title='bbox 727 3703 805 3748; x_wconf 90' lang='lat' dir='ltr'><strong>cum</strong></span> <span class='ocrx_word' id='word_1_206' title='bbox 825 3685 963 3748; x_wconf 87' lang='lat' dir='ltr'><strong>ducissa</strong></span> <span class='ocrx_word' id='word_1_207' title='bbox 982 3691 1017 3748; x_wconf 87' lang='lat' dir='ltr'><strong>et</strong></span> <span class='ocrx_word' id='word_1_208' title='bbox 1034 3681 1283 3760; x_wconf 82' lang='lat' dir='ltr'><strong>duobusfiliis,</strong></span> <span class='ocrx_word' id='word_1_209' title='bbox 1305 3681 1401 3745; x_wconf 89' lang='lat' dir='ltr'><strong>Hen-</strong></span> 
     </span>
     <span class='ocr_line' id='line_1_34' title="bbox 448 3782 1355 3860; baseline -0.008 -11"><span class='ocrx_word' id='word_1_210' title='bbox 448 3782 520 3849; x_wconf 82' lang='lat' dir='ltr'><strong>rico</strong></span> <span class='ocrx_word' id='word_1_211' title='bbox 538 3789 572 3847; x_wconf 91' lang='lat' dir='ltr'><strong>et</strong></span> <span class='ocrx_word' id='word_1_212' title='bbox 589 3783 738 3860; x_wconf 90' lang='lat' dir='ltr'><strong>Othone,</strong></span> <span class='ocrx_word' id='word_1_213' title='bbox 753 3803 831 3848; x_wconf 91' lang='lat' dir='ltr'><strong>cum</strong></span> <span class='ocrx_word' id='word_1_214' title='bbox 845 3784 964 3848; x_wconf 89' lang='lat' dir='ltr'><strong>eodem</strong></span> <span class='ocrx_word' id='word_1_215' title='bbox 979 3784 1128 3848; x_wconf 88' lang='lat' dir='ltr'><strong>triennio</strong></span> <span class='ocrx_word' id='word_1_216' title='bbox 1145 3783 1355 3846; x_wconf 90' lang='lat' dir='ltr'><strong>morabatur.</strong></span> 
     </span>
    </p>
   </div>
   <div class='ocr_carea' id='block_1_6' title="bbox 450 4029 1405 4376">
    <p class='ocr_par' dir='ltr' id='par_1_7' title="bbox 450 4029 1405 4376">
     <span class='ocr_line' id='line_1_35' title="bbox 485 4029 1405 4098; baseline 0.005 -18"><span class='ocrx_word' id='word_1_217' title='bbox 485 4029 494 4060; x_wconf 91' lang='lat'><strong>¹</strong></span> <span class='ocrx_word' id='word_1_218' title='bbox 511 4033 555 4080; x_wconf 83' lang='lat' dir='ltr'><strong>‘in</strong></span> <span class='ocrx_word' id='word_1_219' title='bbox 573 4047 621 4082; x_wconf 86' lang='lat' dir='ltr'><strong>sua</strong></span> <span class='ocrx_word' id='word_1_220' title='bbox 639 4035 711 4083; x_wconf 84' lang='lat' dir='ltr'><strong>curie</strong></span> <span class='ocrx_word' id='word_1_221' title='bbox 728 4035 769 4083; x_wconf 84' lang='lat' dir='ltr'><strong>vel</strong></span> <span class='ocrx_word' id='word_1_222' title='bbox 788 4037 855 4096; x_wconf 81' lang='lat' dir='ltr'><strong>regie</strong></span> <span class='ocrx_word' id='word_1_223' title='bbox 870 4051 915 4085; x_wconf 90' lang='lat' dir='ltr'><strong>cu·</strong></span> <span class='ocrx_word' id='word_1_224' title='bbox 939 4035 1051 4096; x_wconf 86' lang='lat' dir='ltr'><strong>dulphus</strong></span> <span class='ocrx_word' id='word_1_225' title='bbox 1065 4035 1098 4084; x_wconf 90' lang='lat' dir='ltr'><strong>de</strong></span> <span class='ocrx_word' id='word_1_226' title='bbox 1112 4031 1264 4098; x_wconf 62' lang='lat' dir='ltr'><strong>thuriaco?</strong></span> <span class='ocrx_word' id='word_1_227' title='bbox 1281 4037 1336 4086; x_wconf 58' lang='lat' dir='ltr'><strong>Ma</strong></span> <span class='ocrx_word' id='word_1_228' title='bbox 1353 4035 1405 4085; x_wconf 85' lang='lat' dir='ltr'><strong>‘R.</strong></span> 
     </span>
     <span class='ocr_line' id='line_1_36' title="bbox 450 4098 1211 4167; baseline 0.005 -18"><span class='ocrx_word' id='word_1_229' title='bbox 450 4098 513 4163; x_wconf 84' lang='lat' dir='ltr'><strong>ria;&#39;</strong></span> <span class='ocrx_word' id='word_1_230' title='bbox 524 4103 563 4151; x_wconf 88' lang='lat' dir='ltr'><strong>M.</strong></span> <span class='ocrx_word' id='word_1_231' title='bbox 575 4119 584 4150; x_wconf 75' lang='lat' dir='ltr'><strong>e</strong></span> <span class='ocrx_word' id='word_1_232' title='bbox 601 4104 648 4151; x_wconf 91' lang='lat' dir='ltr'><strong>‘in</strong></span> <span class='ocrx_word' id='word_1_233' title='bbox 670 4105 742 4153; x_wconf 85' lang='lat' dir='ltr'><strong>curia</strong></span> <span class='ocrx_word' id='word_1_234' title='bbox 764 4106 834 4167; x_wconf 85' lang='lat' dir='ltr'><strong>sna,’·</strong></span> <span class='ocrx_word' id='word_1_235' title='bbox 848 4111 914 4167; x_wconf 82' lang='lat' dir='ltr'><strong>etc.;</strong></span> <span class='ocrx_word' id='word_1_236' title='bbox 939 4105 972 4154; x_wconf 87' lang='lat' dir='ltr'><strong>de</strong></span> <span class='ocrx_word' id='word_1_237' title='bbox 983 4105 1126 4155; x_wconf 84' lang='lat' dir='ltr'><strong>Thuseiaco</strong></span> <span class='ocrx_word' id='word_1_238' title='bbox 1135 4107 1153 4166; x_wconf 89' lang='lat'><strong>;’</strong></span> <span class='ocrx_word' id='word_1_239' title='bbox 1162 4106 1211 4154; x_wconf 77' lang='lat' dir='ltr'><strong>Ar.</strong></span> 
     </span>
     <span class='ocr_line' id='line_1_37' title="bbox 451 4169 1405 4238; baseline 0.003 -17"><span class='ocrx_word' id='word_1_240' title='bbox 451 4172 500 4221; x_wconf 78' lang='lat' dir='ltr'><strong>Ar.</strong></span> <span class='ocrx_word' id='word_1_241' title='bbox 975 4173 985 4207; x_wconf 78' lang='lat'>⁸</span> <span class='ocrx_word' id='word_1_242' title='bbox 1001 4176 1160 4238; x_wconf 81' lang='lat' dir='ltr'><strong>‘plenarium</strong></span> <span class='ocrx_word' id='word_1_243' title='bbox 1174 4176 1286 4225; x_wconf 81' lang='lat' dir='ltr'><strong>tacerent</strong></span> <span class='ocrx_word' id='word_1_244' title='bbox 1296 4169 1310 4235; x_wconf 69' lang='grc' dir='ltr'><strong>ς’</strong></span> <span class='ocrx_word' id='word_1_245' title='bbox 1330 4176 1368 4224; x_wconf 87' lang='grc' dir='ltr'><strong>Μ.</strong></span> <span class='ocrx_word' id='word_1_246' title='bbox 1380 4180 1405 4224; x_wconf 83' lang='lat' dir='ltr'><strong>et</strong></span> 
     </span>
     <span class='ocr_line' id='line_1_38' title="bbox 486 4242 1214 4376; baseline 0.008 -17"><span class='ocrx_word' id='word_1_247' title='bbox 486 4307 496 4337; x_wconf 77' lang='lat'>²</span> <span class='ocrx_word' id='word_1_248' title='bbox 512 4312 519 4339; x_wconf 89' lang='lat'>‘</span> <span class='ocrx_word' id='word_1_249' title='bbox 533 4311 686 4375; x_wconf 83' lang='lat' dir='ltr'><strong>Radulpbus</strong></span> <span class='ocrx_word' id='word_1_250' title='bbox 696 4313 713 4374; x_wconf 89' lang='lat'><strong>;&#39;</strong></span> <span class='ocrx_word' id='word_1_251' title='bbox 732 4313 818 4363; x_wconf 73' lang='lat' dir='ltr'><strong>D’A..·</strong></span> <span class='ocrx_word' id='word_1_252' title='bbox 842 4315 914 4364; x_wconf 85' lang='lat' dir='ltr'><strong>‘Ra-</strong></span> <span class='ocrx_word' id='word_1_253' title='bbox 940 4242 987 4343; x_wconf 46' lang='lat' dir='ltr'><strong>Ar:</strong></span> <span class='ocrx_word' id='word_1_254' title='bbox 1003 4310 1154 4376; x_wconf 79' lang='lat' dir='ltr'><strong>‘facerent3&#39;</strong></span> <span class='ocrx_word' id='word_1_255' title='bbox 1166 4315 1214 4366; x_wconf 77' lang='lat' dir='ltr'><strong>Ar.</strong></span> 
     </span>
    </p>
   </div>
   <div class='ocr_carea' id='block_1_7' title="bbox 0 0 1639 5028">
    <p class='ocr_par' dir='ltr' id='par_1_8' title="bbox 0 0 1639 5028">
     <span class='ocr_line' id='line_1_39' title="bbox 0 0 1639 5028; baseline 0 0"><span class='ocrx_word' id='word_1_256' title='bbox 0 0 1639 5028; x_wconf 95' lang='lat' dir='ltr'><strong> </strong></span> 
     </span>
    </p>
   </div>
  </div>
 </body>
</html>
