3252 5026
605 450 790 499 ANNALES.

238 635 264 672 D.
277 639 302 674 N.
314 639 334 676 J.
346 639 369 675 0.
457 637 480 674 Ρ.
494 637 656 674 BOMANORUM
669 639 695 676 B.
797 639 950 677 undenorum
1004 642 1144 678 andaonem

224 616 370 848 'ffitc—xL—lx.
386 725 581 762 iuuocuu'rnlv.
600 726 727 762 ultanum
740 728 758 763 1.
786 727 907 763 uouovlcl
919 729 957 766 IX.
996 729 1101 764 bubulci
1115 728 1156 765 111.

672 788 697 832 2.
852 788 893 832 23.
1057 789 1097 834 33.

271 915 413 980 Passus
441 915 656 994 Dominicus,
681 937 743 1000 per
768 917 937 1000 quendam
967 917 1108 982 fratrem
1134 919 1177 983 de

221 1015 340 1079 ordine
379 1015 650 1080 Praedicatorum
688 1017 815 1080 allatus
847 1017 881 1080 in
915 1015 1091 1098 Angliam,
1124 1038 1175 1081 re·

220 1117 354 1196 positus
371 1122 423 1179 est
440 1115 477 1178 in
495 1124 668 1180 conventu
686 1117 814 1180 ordinis
837 1117 990 1199 ejusdem
1006 1117 1174 1181 Bristoili.

221 1213 332 1294 Quem
352 1215 525 1279 Henrious
545 1235 607 1279 rex
630 1235 652 1279 a
666 1215 828 1280 fratribus
845 1216 910 1279 sibi
928 1223 1175 1298 praesentatum

221 1315 367 1378 contulit
396 1315 545 1379 abbatiae
573 1313 887 1392 westmonasterii,
917 1315 976 1379 ubi
1006 1317 1174 1398 usquein

221 1433 373 1496 praesens
410 1415 445 1477 in
480 1415 701 1479 veneratione
737 1415 893 1479 habetur.
957 1415 1036 1478 Rex
1067 1415 1319 1518 Fran-{offin-

221 1533 338 1578 corum
355 1515 446 1596 cepit
464 1514 674 1590 Damiatam‚
695 1516 780 1578 etin
799 1533 841 1579 ea
854 1521 1012 1578 aestatem
1028 1517 1174 1597 peregit.
1252 1490 1263 1519 θ
1284 1491 1302 1519 ”

223 1612 346 1677 Mense
375 1634 457 1678 vero
485 1613 677 1678 Novembri
704 1613 893 1697 procedens
923 1613 966 1676 ad
999 1613 1175 1678 civitatem

223 1712 418 1777 Massoram
446 1733 521 1777 eam
549 1713 696 1790 obsedit,
723 1714 782 1777 ubi
807 1713 851 1777 de
875 1713 1029 1777 exercitu
1056 1713 1175 1779 Chris-

221 1813 317 1876 tiano
335 1833 395 1896 per
412 1813 602 1878 Saracenos
617 1813 755 1896 plurimi
771 1813 984 1877 occiduntur.
1002 1834 1009 1841 ·

272 2311 358 2374 Rux
391 2309 616 2387 Francorum,
649 2309 804 2374 exercitu
835 2328 899 2374 suo
930 2309 966 2372 in
998 2311 1174 2375 obsidione
1187 2325 1322 2365 flunmen

1185 2376 1315 2425 primnerby

222 2404 405 2474 ¹Massorae
429 2418 527 2493 peste
548 2409 728 2473 laborante
751 2429 791 2472 ao
814 2409 916 2486 same,
935 2409 1015 2472 dum
1034 2410 1334 2474 Damiathesaracem.

221 2516 291 2574 tam
309 2510 506 2584 revertitur,
522 2509 785 2592 superveniente
805 2508 1054 2573 Saracenorum
1074 2530 1173 2574 exer·

222 2611 293 2674 citu
311 2601 347 2672 in
375 2609 507 2685 itinere,
528 2616 652 2691 captus
672 2617 725 2672 cst
745 2628 823 2671 cum
844 2609 978 2673 duobus
998 2609 1173 2688 fratribu8‚

221 2707 368 2773 Alfonso
381 2707 580 2772 Pictavensi
593 2715 627 2771 et
642 2706 769 2772 Carolo
782 2706 1026 2790 Andegavensi
1043 2710 1174 2774 comiti-

220 2810 297 2885 buS,
313 2816 348 2872 et
365 2807 483 2871 multis
500 2807 577 2871 aliis
600 2807 682 2872 viris
703 2809 849 2889 magnis,
896 2809 1072 2873 Robertus
1092 2829 1173 2874 vero

220 2906 460 2972 Atrebatensis
494 2926 619 2984 comae,
657 2908 779 2971 tertius
814 2907 920 2970 frater
956 2909 1057 2990 regie,
1093 2911 1173 2974 sub·

220 3009 387 3090 mergitur
419 3007 592 3088 fugiendo.
647 3005 752 3070 Multi
780 3007 884 3070 etiam
914 3009 1033 3089 praelio
1059 3009 1175 3073 decer-

220 3108 325 3171 tando
349 3106 574 3186 occiduntur3
597 3106 640 3170 de
663 3125 807 3188 quorum
831 3126 973 3171 numero
992 3115 1066 3172 erat
1083 3109 1174 3173 Wil-

218 3207 341 3270 ielmus
356 3206 399 3271 do
417 3204 656 3288 Longa-spata
676 3205 945 3270 Saresberiensis
964 3226 1092 3284 comae,
1114 3209 1173 3290 qui

220 3307 364 3370 viriliter
384 3305 579 3370 dimicando
599 3304 722 3369 cecidit
744 3314 938 3386 aggravata
962 3325 1066 3370 manu
1093 3307 1173 3370 hos·

222 3407 305 3470 tium
340 3425 444 3488 super
480 3425 567 3468 eum.
621 3404 731 3488 Cujus
764 3412 887 3480 mater,
920 3406 1097 3469 abbatissa
1130 3406 1172 3470 de

220 3503 343 3571 Lakok
359 3513 398 3569 nt
419 3505 623 3587 praedictum
644 3515 709 3580 ast,
728 3511 829 3568 nocte
849 3505 1065 3587 praecedente
1081 3504 1172 3570 diem

219 3626 287 3688 quo
303 3605 393 3668 filius
407 3605 482 3687 ejus
498 3603 698 3668 interfectus
714 3611 779 3680 est,
793 3604 880 3669 vidit
897 3605 1005 3668 coelos
1021 3612 1171 3686 apertori,

219 3714 254 3770 et
278 3705 386 3768 filium
417 3724 517 3767 suum
548 3712 730 3780 armatum,
757 3704 800 3767 ab
826 3704 960 3783 angelis
987 3704 1171 3782 elevatum,

218 3799 312 3869 ²cum
346 3803 473 3886 gaudio
501 3804 654 3869 introire.
717 3802 836 3886 Hujus
865 3803 1034 3867 Willelmi
1065 3803 1171 3868 filiam

217 3906 354 3969 unicam
396 3911 432 3968 et
465 3903 623 3968 heredem
660 3902 760 3966 duxit
798 3903 974 3966 Henricus
1004 3903 1048 3966 de
1076 3902 1172 3988 Lacy

218 4158 261 4278 η’
278 4160 286 4187 ⁴
300 4159 423 4209 Mareotis
433 4155 454 4219 ;'
487 4153 554 4208 D'A.
576 4163 600 4207 et
622 4161 682 4210 cod.
709 4158 867 4280 Avectius
886 4177 944 4212 oum
965 4157 1084 4226 gaudius
1099 4164 1137 4214 M.
1150 4169 1174 4214 et

243 4245 281 4291 eg.
734 4248 757 4281 r.
