<?xml version="1.0" encoding="UTF-8"?>
<!DOCTYPE html PUBLIC "-//W3C//DTD XHTML 1.0 Transitional//EN"
    "http://www.w3.org/TR/xhtml1/DTD/xhtml1-transitional.dtd">
<html xmlns="http://www.w3.org/1999/xhtml" xml:lang="en" lang="en">
 <head>
  <title>
</title>
<meta http-equiv="Content-Type" content="text/html;charset=utf-8" />
  <meta name='ocr-system' content='tesseract 3.04.00' />
  <meta name='ocr-capabilities' content='ocr_page ocr_carea ocr_par ocr_line ocrx_word'/>
</head>
<body>
  <div class='ocr_page' id='page_1' title='image "./fnicholaitrivet00socigoog/fnicholaitrivet00socigoog_0110.png"; bbox 0 0 3204 5028; ppageno 0'>
   <div class='ocr_carea' id='block_1_1' title="bbox 450 489 1051 557">
    <p class='ocr_par' dir='ltr' id='par_1_1' title="bbox 450 489 1051 557">
     <span class='ocr_line' id='line_1_1' title="bbox 450 489 1051 557; baseline -0.002 -3"><span class='ocrx_word' id='word_1_1' title='bbox 450 489 495 554; x_wconf 77' lang='lat'><strong>78</strong></span> <span class='ocrx_word' id='word_1_2' title='bbox 805 509 877 557; x_wconf 83' lang='lat' dir='ltr'><strong>ruo.</strong></span> <span class='ocrx_word' id='word_1_3' title='bbox 902 507 1051 556; x_wconf 82' lang='lat' dir='ltr'><strong>rnrvnrr</strong></span> 
     </span>
    </p>
   </div>
   <div class='ocr_carea' id='block_1_2' title="bbox 281 662 1404 3023">
    <p class='ocr_par' dir='ltr' id='par_1_2' title="bbox 284 662 1404 740">
     <span class='ocr_line' id='line_1_2' title="bbox 284 662 1404 740; baseline -0.004 -10"><span class='ocrx_word' id='word_1_4' title='bbox 284 689 406 740; x_wconf 55' lang='lat' dir='ltr'><strong>munus</strong></span> <span class='ocrx_word' id='word_1_5' title='bbox 501 662 697 728; x_wconf 89' lang='lat' dir='ltr'><strong>Lodovicus</strong></span> <span class='ocrx_word' id='word_1_6' title='bbox 720 664 782 726; x_wconf 85' lang='lat' dir='ltr'><strong>rex</strong></span> <span class='ocrx_word' id='word_1_7' title='bbox 806 662 1030 738; x_wconf 80' lang='lat' dir='ltr'><strong>Francorum,</strong></span> <span class='ocrx_word' id='word_1_8' title='bbox 1052 662 1254 726; x_wconf 80' lang='lat' dir='ltr'><strong>convocatis</strong></span> <span class='ocrx_word' id='word_1_9' title='bbox 1270 662 1404 726; x_wconf 88' lang='lat' dir='ltr'><strong>baroni·</strong></span> 
     </span>
    </p>

    <p class='ocr_par' dir='ltr' id='par_1_3' title="bbox 283 741 1404 844">
     <span class='ocr_line' id='line_1_3' title="bbox 283 741 1404 844; baseline -0.004 -15"><span class='ocrx_word' id='word_1_10' title='bbox 283 741 416 840; x_wconf 62' lang='lat' dir='ltr'><strong>llllilb,</strong></span> <span class='ocrx_word' id='word_1_11' title='bbox 449 763 514 826; x_wconf 91' lang='lat' dir='ltr'><strong>bus</strong></span> <span class='ocrx_word' id='word_1_12' title='bbox 549 762 648 844; x_wconf 81' lang='lat' dir='ltr'><strong>regni</strong></span> <span class='ocrx_word' id='word_1_13' title='bbox 681 762 748 838; x_wconf 86' lang='lat' dir='ltr'><strong>sui,</strong></span> <span class='ocrx_word' id='word_1_14' title='bbox 784 762 923 843; x_wconf 87' lang='lat' dir='ltr'><strong>rogavit</strong></span> <span class='ocrx_word' id='word_1_15' title='bbox 964 781 1035 837; x_wconf 90' lang='lat' dir='ltr'><strong>eos,</strong></span> <span class='ocrx_word' id='word_1_16' title='bbox 1068 767 1109 825; x_wconf 92' lang='lat' dir='ltr'><strong>ut</strong></span> <span class='ocrx_word' id='word_1_17' title='bbox 1141 761 1295 826; x_wconf 90' lang='lat' dir='ltr'><strong>Henrico</strong></span> <span class='ocrx_word' id='word_1_18' title='bbox 1331 762 1404 842; x_wconf 79' lang='lat' dir='ltr'><strong>regi</strong></span> 
     </span>
    </p>

    <p class='ocr_par' dir='ltr' id='par_1_4' title="bbox 283 839 1403 1638">
     <span class='ocr_line' id='line_1_4' title="bbox 283 839 1403 944; baseline -0.004 -16"><span class='ocrx_word' id='word_1_19' title='bbox 283 839 411 929; x_wconf 40' lang='lat' dir='ltr'><strong>diiii&amp;</strong></span> <span class='ocrx_word' id='word_1_20' title='bbox 444 860 576 944; x_wconf 89' lang='lat' dir='ltr'><strong>juniori</strong></span> <span class='ocrx_word' id='word_1_21' title='bbox 596 868 712 926; x_wconf 87' lang='lat' dir='ltr'><strong>essent</strong></span> <span class='ocrx_word' id='word_1_22' title='bbox 726 861 762 924; x_wconf 94' lang='lat' dir='ltr'><strong>in</strong></span> <span class='ocrx_word' id='word_1_23' title='bbox 786 861 955 924; x_wconf 89' lang='lat' dir='ltr'><strong>auxilium</strong></span> <span class='ocrx_word' id='word_1_24' title='bbox 975 867 1097 924; x_wconf 86' lang='lat' dir='ltr'><strong>contra</strong></span> <span class='ocrx_word' id='word_1_25' title='bbox 1117 868 1264 942; x_wconf 87' lang='lat' dir='ltr'><strong>patrem.</strong></span> <span class='ocrx_word' id='word_1_26' title='bbox 1316 859 1403 924; x_wconf 82' lang='lat' dir='ltr'><strong>Tres</strong></span> 
     </span>
     <span class='ocr_line' id='line_1_5' title="bbox 448 953 1403 1042; baseline 0 -19"><span class='ocrx_word' id='word_1_27' title='bbox 448 961 557 1042; x_wconf 77' lang='lat' dir='ltr'><strong>igitur</strong></span> <span class='ocrx_word' id='word_1_28' title='bbox 569 960 725 1037; x_wconf 81' lang='lat' dir='ltr'><strong>comites,</strong></span> <span class='ocrx_word' id='word_1_29' title='bbox 742 958 1219 1036; x_wconf 76' lang='lat' dir='ltr'><strong>FlandrensiS,Garnotensis,</strong></span> <span class='ocrx_word' id='word_1_30' title='bbox 1229 953 1403 1025; x_wconf 82' lang='lat' dir='ltr'><strong>et¹Glarc=</strong></span> 
     </span>
     <span class='ocr_line' id='line_1_6' title="bbox 449 1058 1401 1143; baseline -0.001 -21"><span class='ocrx_word' id='word_1_31' title='bbox 449 1061 649 1136; x_wconf 91' lang='lat' dir='ltr'><strong>montensis,</strong></span> <span class='ocrx_word' id='word_1_32' title='bbox 682 1059 892 1143; x_wconf 88' lang='lat' dir='ltr'><strong>juraverunt</strong></span> <span class='ocrx_word' id='word_1_33' title='bbox 926 1077 964 1122; x_wconf 89' lang='lat' dir='ltr'><strong>se</strong></span> <span class='ocrx_word' id='word_1_34' title='bbox 1000 1058 1284 1124; x_wconf 82' lang='lat' dir='ltr'><strong>transfretaturos</strong></span> <span class='ocrx_word' id='word_1_35' title='bbox 1324 1077 1401 1122; x_wconf 83' lang='lat' dir='ltr'><strong>cunr</strong></span> 
     </span>
     <span class='ocr_line' id='line_1_7' title="bbox 448 1156 1402 1242; baseline 0.001 -22"><span class='ocrx_word' id='word_1_36' title='bbox 448 1178 530 1239; x_wconf 82' lang='lat' dir='ltr'><strong>rege</strong></span> <span class='ocrx_word' id='word_1_37' title='bbox 548 1159 699 1242; x_wconf 90' lang='lat' dir='ltr'><strong>juniore,</strong></span> <span class='ocrx_word' id='word_1_38' title='bbox 720 1166 756 1223; x_wconf 92' lang='lat' dir='ltr'><strong>et</strong></span> <span class='ocrx_word' id='word_1_39' title='bbox 770 1158 880 1224; x_wconf 89' lang='lat' dir='ltr'><strong>eidem</strong></span> <span class='ocrx_word' id='word_1_40' title='bbox 894 1177 1038 1239; x_wconf 78' lang='lat' dir='ltr'><strong>regnum</strong></span> <span class='ocrx_word' id='word_1_41' title='bbox 1053 1156 1193 1239; x_wconf 82' lang='lat' dir='ltr'><strong>Angliae</strong></span> <span class='ocrx_word' id='word_1_42' title='bbox 1206 1177 1249 1221; x_wconf 86' lang='lat' dir='ltr'><strong>ex</strong></span> <span class='ocrx_word' id='word_1_43' title='bbox 1266 1159 1402 1239; x_wconf 83' lang='lat' dir='ltr'><strong>integro</strong></span> 
     </span>
     <span class='ocr_line' id='line_1_8' title="bbox 447 1256 1400 1340; baseline -0.001 -20"><span class='ocrx_word' id='word_1_44' title='bbox 447 1258 664 1322; x_wconf 82' lang='lat' dir='ltr'><strong>subacturos.</strong></span> <span class='ocrx_word' id='word_1_45' title='bbox 726 1256 798 1321; x_wconf 90' lang='lat' dir='ltr'><strong>Alii</strong></span> <span class='ocrx_word' id='word_1_46' title='bbox 823 1276 906 1322; x_wconf 84' lang='lat' dir='ltr'><strong>vero</strong></span> <span class='ocrx_word' id='word_1_47' title='bbox 933 1256 1153 1340; x_wconf 88' lang='lat' dir='ltr'><strong>juraverunt,</strong></span> <span class='ocrx_word' id='word_1_48' title='bbox 1196 1257 1288 1340; x_wconf 92' lang='lat' dir='ltr'><strong>quod</strong></span> <span class='ocrx_word' id='word_1_49' title='bbox 1323 1275 1400 1320; x_wconf 91' lang='lat' dir='ltr'><strong>oum</strong></span> 
     </span>
     <span class='ocr_line' id='line_1_9' title="bbox 447 1355 1401 1440; baseline 0 -20"><span class='ocrx_word' id='word_1_50' title='bbox 447 1357 602 1421; x_wconf 86' lang='lat' dir='ltr'><strong>exercitu</strong></span> <span class='ocrx_word' id='word_1_51' title='bbox 624 1378 686 1440; x_wconf 90' lang='lat' dir='ltr'><strong>per</strong></span> <span class='ocrx_word' id='word_1_52' title='bbox 710 1356 961 1421; x_wconf 88' lang='lat' dir='ltr'><strong>Normanniam</strong></span> <span class='ocrx_word' id='word_1_53' title='bbox 983 1364 1178 1438; x_wconf 80' lang='lat' dir='ltr'><strong>pergerent,</strong></span> <span class='ocrx_word' id='word_1_54' title='bbox 1199 1363 1235 1420; x_wconf 89' lang='lat' dir='ltr'><strong>ct</strong></span> <span class='ocrx_word' id='word_1_55' title='bbox 1256 1355 1401 1420; x_wconf 88' lang='lat' dir='ltr'><strong>castella</strong></span> 
     </span>
     <span class='ocr_line' id='line_1_10' title="bbox 447 1451 1400 1538; baseline -0.001 -18"><span class='ocrx_word' id='word_1_56' title='bbox 447 1456 711 1537; x_wconf 86' lang='lat' dir='ltr'><strong>pessundarent,</strong></span> <span class='ocrx_word' id='word_1_57' title='bbox 727 1451 928 1538; x_wconf 82' lang='lat' dir='ltr'><strong>²urbemque</strong></span> <span class='ocrx_word' id='word_1_58' title='bbox 952 1454 1210 1537; x_wconf 87' lang='lat' dir='ltr'><strong>Rothomagum</strong></span> <span class='ocrx_word' id='word_1_59' title='bbox 1224 1454 1400 1520; x_wconf 85' lang='lat' dir='ltr'><strong>obsidione</strong></span> 
     </span>
     <span class='ocr_line' id='line_1_11' title="bbox 448 1553 1399 1638; baseline -0.002 -20"><span class='ocrx_word' id='word_1_60' title='bbox 448 1555 638 1636; x_wconf 78' lang='lat' dir='ltr'><strong>cingerent,</strong></span> <span class='ocrx_word' id='word_1_61' title='bbox 662 1556 755 1638; x_wconf 92' lang='lat' dir='ltr'><strong>quod</strong></span> <span class='ocrx_word' id='word_1_62' title='bbox 777 1555 898 1638; x_wconf 91' lang='lat' dir='ltr'><strong>utique</strong></span> <span class='ocrx_word' id='word_1_63' title='bbox 917 1555 999 1618; x_wconf 87' lang='lat' dir='ltr'><strong>licet</strong></span> <span class='ocrx_word' id='word_1_64' title='bbox 1023 1555 1293 1636; x_wconf 84' lang='lat' dir='ltr'><strong>aggrederentur</strong></span> <span class='ocrx_word' id='word_1_65' title='bbox 1316 1553 1399 1616; x_wconf 90' lang='lat' dir='ltr'><strong>nihil</strong></span> 
     </span>
    </p>

    <p class='ocr_par' dir='ltr' id='par_1_5' title="bbox 283 1652 1400 1737">
     <span class='ocr_line' id='line_1_12' title="bbox 283 1652 1400 1737; baseline 0.003 -25"><span class='ocrx_word' id='word_1_66' title='bbox 283 1672 384 1722; x_wconf 71' lang='lat' dir='ltr'><strong>unua</strong></span> <span class='ocrx_word' id='word_1_67' title='bbox 448 1655 586 1735; x_wconf 92' lang='lat' dir='ltr'><strong>penitus</strong></span> <span class='ocrx_word' id='word_1_68' title='bbox 603 1654 832 1737; x_wconf 87' lang='lat' dir='ltr'><strong>profecerunt.</strong></span> <span class='ocrx_word' id='word_1_69' title='bbox 885 1653 966 1717; x_wconf 86' lang='lat' dir='ltr'><strong>Rex</strong></span> <span class='ocrx_word' id='word_1_70' title='bbox 985 1654 1075 1717; x_wconf 91' lang='lat' dir='ltr'><strong>enim</strong></span> <span class='ocrx_word' id='word_1_71' title='bbox 1094 1653 1270 1718; x_wconf 91' lang='lat' dir='ltr'><strong>Henricus</strong></span> <span class='ocrx_word' id='word_1_72' title='bbox 1287 1652 1400 1717; x_wconf 89' lang='lat' dir='ltr'><strong>senior</strong></span> 
     </span>
    </p>

    <p class='ocr_par' dir='ltr' id='par_1_6' title="bbox 281 1723 1400 2922">
     <span class='ocr_line' id='line_1_13' title="bbox 281 1723 1399 1834; baseline 0.001 -19"><span class='ocrx_word' id='word_1_73' title='bbox 281 1723 403 1764; x_wconf 56' lang='lat' dir='ltr'><strong>&#39;mm</strong></span> <span class='ocrx_word' id='word_1_74' title='bbox 447 1753 592 1818; x_wconf 85' lang='lat' dir='ltr'><strong>castella</strong></span> <span class='ocrx_word' id='word_1_75' title='bbox 615 1773 690 1830; x_wconf 90' lang='lat' dir='ltr'><strong>sua,</strong></span> <span class='ocrx_word' id='word_1_76' title='bbox 717 1772 796 1834; x_wconf 86' lang='lat' dir='ltr'><strong>quae</strong></span> <span class='ocrx_word' id='word_1_77' title='bbox 821 1760 921 1816; x_wconf 89' lang='lat' dir='ltr'><strong>erant</strong></span> <span class='ocrx_word' id='word_1_78' title='bbox 947 1752 1134 1817; x_wconf 86' lang='lat' dir='ltr'><strong>infinibus</strong></span> <span class='ocrx_word' id='word_1_79' title='bbox 1163 1752 1399 1829; x_wconf 83' lang='lat' dir='ltr'><strong>Normanniae‚</strong></span> 
     </span>
     <span class='ocr_line' id='line_1_14' title="bbox 446 1851 1400 1934; baseline 0 -20"><span class='ocrx_word' id='word_1_80' title='bbox 446 1852 564 1929; x_wconf 86' lang='lat' dir='ltr'><strong>armis,</strong></span> <span class='ocrx_word' id='word_1_81' title='bbox 587 1852 765 1929; x_wconf 88' lang='lat' dir='ltr'><strong>militibus,</strong></span> <span class='ocrx_word' id='word_1_82' title='bbox 780 1859 816 1916; x_wconf 89' lang='lat' dir='ltr'><strong>et</strong></span> <span class='ocrx_word' id='word_1_83' title='bbox 830 1851 1039 1916; x_wconf 85' lang='lat' dir='ltr'><strong>victualibus</strong></span> <span class='ocrx_word' id='word_1_84' title='bbox 1060 1853 1189 1934; x_wconf 92' lang='lat' dir='ltr'><strong>optime</strong></span> <span class='ocrx_word' id='word_1_85' title='bbox 1210 1852 1400 1916; x_wconf 89' lang='lat' dir='ltr'><strong>communi·</strong></span> 
     </span>
     <span class='ocr_line' id='line_1_15' title="bbox 445 1949 1400 2034; baseline 0.001 -21"><span class='ocrx_word' id='word_1_86' title='bbox 445 1949 508 2013; x_wconf 85' lang='lat' dir='ltr'><strong>vit.</strong></span> <span class='ocrx_word' id='word_1_87' title='bbox 561 1951 726 2016; x_wconf 86' lang='lat' dir='ltr'><strong>Removit</strong></span> <span class='ocrx_word' id='word_1_88' title='bbox 746 1953 850 2015; x_wconf 89' lang='lat' dir='ltr'><strong>etiam</strong></span> <span class='ocrx_word' id='word_1_89' title='bbox 877 1950 1045 2034; x_wconf 88' lang='lat' dir='ltr'><strong>quosdam</strong></span> <span class='ocrx_word' id='word_1_90' title='bbox 1073 1951 1292 2014; x_wconf 87' lang='lat' dir='ltr'><strong>castellorum</strong></span> <span class='ocrx_word' id='word_1_91' title='bbox 1322 1969 1400 2014; x_wconf 90' lang='lat' dir='ltr'><strong>ous-</strong></span> 
     </span>
     <span class='ocr_line' id='line_1_16' title="bbox 447 2048 1399 2133; baseline 0 -21"><span class='ocrx_word' id='word_1_92' title='bbox 447 2048 557 2126; x_wconf 91' lang='lat' dir='ltr'><strong>todes,</strong></span> <span class='ocrx_word' id='word_1_93' title='bbox 581 2069 668 2133; x_wconf 91' lang='lat' dir='ltr'><strong>quos</strong></span> <span class='ocrx_word' id='word_1_94' title='bbox 688 2049 838 2114; x_wconf 88' lang='lat' dir='ltr'><strong>habebat</strong></span> <span class='ocrx_word' id='word_1_95' title='bbox 859 2057 1052 2131; x_wconf 69' lang='lat' dir='ltr'><strong>suspectos</strong></span> <span class='ocrx_word' id='word_1_96' title='bbox 1075 2049 1193 2113; x_wconf 88' lang='lat' dir='ltr'><strong>fideles</strong></span> <span class='ocrx_word' id='word_1_97' title='bbox 1215 2049 1399 2131; x_wconf 90' lang='lat' dir='ltr'><strong>dequibus</strong></span> 
     </span>
     <span class='ocr_line' id='line_1_17' title="bbox 445 2146 1400 2214; baseline -0.001 -3"><span class='ocrx_word' id='word_1_98' title='bbox 445 2148 641 2214; x_wconf 81' lang='lat' dir='ltr'><strong>confidebat</strong></span> <span class='ocrx_word' id='word_1_99' title='bbox 657 2150 882 2213; x_wconf 88' lang='lat' dir='ltr'><strong>substituens.</strong></span> <span class='ocrx_word' id='word_1_100' title='bbox 936 2148 1069 2212; x_wconf 91' lang='lat' dir='ltr'><strong>Multos</strong></span> <span class='ocrx_word' id='word_1_101' title='bbox 1084 2149 1188 2212; x_wconf 87' lang='lat' dir='ltr'><strong>etiam</strong></span> <span class='ocrx_word' id='word_1_102' title='bbox 1206 2146 1248 2212; x_wconf 93' lang='lat' dir='ltr'><strong>de</strong></span> <span class='ocrx_word' id='word_1_103' title='bbox 1262 2148 1400 2212; x_wconf 90' lang='lat' dir='ltr'><strong>baroni-</strong></span> 
     </span>
     <span class='ocr_line' id='line_1_18' title="bbox 445 2242 1398 2324; baseline 0 -15"><span class='ocrx_word' id='word_1_104' title='bbox 445 2247 510 2310; x_wconf 88' lang='lat' dir='ltr'><strong>bus</strong></span> <span class='ocrx_word' id='word_1_105' title='bbox 541 2248 698 2314; x_wconf 85' lang='lat' dir='ltr'><strong>Franciae</strong></span> <span class='ocrx_word' id='word_1_106' title='bbox 721 2242 913 2312; x_wconf 86' lang='lat' dir='ltr'><strong>³oberratos</strong></span> <span class='ocrx_word' id='word_1_107' title='bbox 940 2247 1101 2324; x_wconf 90' lang='lat' dir='ltr'><strong>babebat,</strong></span> <span class='ocrx_word' id='word_1_108' title='bbox 1126 2254 1162 2311; x_wconf 91' lang='lat' dir='ltr'><strong>et</strong></span> <span class='ocrx_word' id='word_1_109' title='bbox 1185 2247 1251 2311; x_wconf 89' lang='lat' dir='ltr'><strong>sibi</strong></span> <span class='ocrx_word' id='word_1_110' title='bbox 1276 2246 1398 2310; x_wconf 86' lang='lat' dir='ltr'><strong>famili·</strong></span> 
     </span>
     <span class='ocr_line' id='line_1_19' title="bbox 446 2343 1398 2430; baseline -0.001 -21"><span class='ocrx_word' id='word_1_111' title='bbox 446 2364 522 2410; x_wconf 87' lang='lat' dir='ltr'><strong>aros</strong></span> <span class='ocrx_word' id='word_1_112' title='bbox 550 2348 679 2412; x_wconf 83' lang='lat' dir='ltr'><strong>fecerat</strong></span> <span class='ocrx_word' id='word_1_113' title='bbox 709 2347 882 2430; x_wconf 89' lang='lat' dir='ltr'><strong>obsequiis</strong></span> <span class='ocrx_word' id='word_1_114' title='bbox 913 2353 1019 2428; x_wconf 89' lang='lat' dir='ltr'><strong>atque</strong></span> <span class='ocrx_word' id='word_1_115' title='bbox 1051 2345 1161 2409; x_wconf 94' lang='lat' dir='ltr'><strong>donis.</strong></span> <span class='ocrx_word' id='word_1_116' title='bbox 1214 2343 1398 2409; x_wconf 87' lang='lat' dir='ltr'><strong>Allocutus</strong></span> 
     </span>
     <span class='ocr_line' id='line_1_20' title="bbox 445 2444 1398 2520; baseline -0.002 -11"><span class='ocrx_word' id='word_1_117' title='bbox 445 2453 499 2510; x_wconf 93' lang='lat' dir='ltr'><strong>est</strong></span> <span class='ocrx_word' id='word_1_118' title='bbox 527 2448 632 2511; x_wconf 89' lang='lat' dir='ltr'><strong>etiam</strong></span> <span class='ocrx_word' id='word_1_119' title='bbox 665 2448 811 2511; x_wconf 84' lang='lat' dir='ltr'><strong>barones</strong></span> <span class='ocrx_word' id='word_1_120' title='bbox 844 2444 1082 2520; x_wconf 85' lang='lat' dir='ltr'><strong>Normanniae,</strong></span> <span class='ocrx_word' id='word_1_121' title='bbox 1117 2451 1152 2508; x_wconf 91' lang='lat' dir='ltr'><strong>et</strong></span> <span class='ocrx_word' id='word_1_122' title='bbox 1187 2445 1398 2508; x_wconf 89' lang='lat' dir='ltr'><strong>obsecrando</strong></span> 
     </span>
     <span class='ocr_line' id='line_1_21' title="bbox 444 2543 1397 2624; baseline 0.001 -18"><span class='ocrx_word' id='word_1_123' title='bbox 444 2543 604 2610; x_wconf 86' lang='lat' dir='ltr'><strong>hortatus</strong></span> <span class='ocrx_word' id='word_1_124' title='bbox 627 2554 691 2621; x_wconf 92' lang='lat' dir='ltr'><strong>est,</strong></span> <span class='ocrx_word' id='word_1_125' title='bbox 714 2551 753 2609; x_wconf 91' lang='lat' dir='ltr'><strong>ut</strong></span> <span class='ocrx_word' id='word_1_126' title='bbox 767 2543 913 2609; x_wconf 87' lang='lat' dir='ltr'><strong>viriliter</strong></span> <span class='ocrx_word' id='word_1_127' title='bbox 927 2562 969 2607; x_wconf 90' lang='lat' dir='ltr'><strong>ac</strong></span> <span class='ocrx_word' id='word_1_128' title='bbox 986 2543 1132 2608; x_wconf 86' lang='lat' dir='ltr'><strong>fideliter</strong></span> <span class='ocrx_word' id='word_1_129' title='bbox 1153 2550 1309 2624; x_wconf 85' lang='lat' dir='ltr'><strong>agerent,</strong></span> <span class='ocrx_word' id='word_1_130' title='bbox 1325 2563 1397 2607; x_wconf 90' lang='lat' dir='ltr'><strong>me·</strong></span> 
     </span>
     <span class='ocr_line' id='line_1_22' title="bbox 443 2642 1397 2727; baseline -0.002 -20"><span class='ocrx_word' id='word_1_131' title='bbox 443 2662 625 2727; x_wconf 89' lang='lat' dir='ltr'><strong>moresque</strong></span> <span class='ocrx_word' id='word_1_132' title='bbox 657 2650 785 2720; x_wconf 89' lang='lat' dir='ltr'><strong>essent,</strong></span> <span class='ocrx_word' id='word_1_133' title='bbox 816 2642 988 2724; x_wconf 91' lang='lat' dir='ltr'><strong>quomodo</strong></span> <span class='ocrx_word' id='word_1_134' title='bbox 1019 2650 1135 2724; x_wconf 88' lang='lat' dir='ltr'><strong>patres</strong></span> <span class='ocrx_word' id='word_1_135' title='bbox 1161 2660 1279 2705; x_wconf 90' lang='lat' dir='ltr'><strong>eorum</strong></span> <span class='ocrx_word' id='word_1_136' title='bbox 1310 2642 1397 2706; x_wconf 90' lang='lat' dir='ltr'><strong>mul-</strong></span> 
     </span>
     <span class='ocr_line' id='line_1_23' title="bbox 443 2740 1395 2817; baseline 0 -12"><span class='ocrx_word' id='word_1_137' title='bbox 443 2743 573 2806; x_wconf 88' lang='lat' dir='ltr'><strong>totiens</strong></span> <span class='ocrx_word' id='word_1_138' title='bbox 612 2741 765 2806; x_wconf 85' lang='lat' dir='ltr'><strong>Francos</strong></span> <span class='ocrx_word' id='word_1_139' title='bbox 797 2742 882 2805; x_wconf 88' lang='lat' dir='ltr'><strong>fines</strong></span> <span class='ocrx_word' id='word_1_140' title='bbox 918 2761 1036 2805; x_wconf 91' lang='lat' dir='ltr'><strong>eorum</strong></span> <span class='ocrx_word' id='word_1_141' title='bbox 1071 2740 1285 2817; x_wconf 86' lang='lat' dir='ltr'><strong>invadentes,</strong></span> <span class='ocrx_word' id='word_1_142' title='bbox 1318 2760 1395 2805; x_wconf 85' lang='lat' dir='ltr'><strong>curn</strong></span> 
     </span>
     <span class='ocr_line' id='line_1_24' title="bbox 443 2834 1201 2922; baseline 0.003 -20"><span class='ocrx_word' id='word_1_143' title='bbox 443 2859 561 2904; x_wconf 91' lang='lat' dir='ltr'><strong>eorum</strong></span> <span class='ocrx_word' id='word_1_144' title='bbox 578 2841 797 2918; x_wconf 89' lang='lat' dir='ltr'><strong>verecundia,</strong></span> <span class='ocrx_word' id='word_1_145' title='bbox 812 2839 947 2905; x_wconf 85' lang='lat' dir='ltr'><strong>fortiter</strong></span> <span class='ocrx_word' id='word_1_146' title='bbox 962 2834 1201 2922; x_wconf 73' lang='lat' dir='ltr'><strong>*expulissent</strong></span> 
     </span>
    </p>

    <p class='ocr_par' dir='ltr' id='par_1_7' title="bbox 281 2937 1396 3023">
     <span class='ocr_line' id='line_1_25' title="bbox 281 2937 1396 3023; baseline 0.003 -25"><span class='ocrx_word' id='word_1_147' title='bbox 281 2959 414 3010; x_wconf 54' lang='lat' dir='ltr'><strong>ruerus-</strong></span> <span class='ocrx_word' id='word_1_148' title='bbox 495 2939 642 3017; x_wconf 89' lang='lat' dir='ltr'><strong>Deinde,</strong></span> <span class='ocrx_word' id='word_1_149' title='bbox 664 2941 784 3023; x_wconf 88' lang='lat' dir='ltr'><strong>paucis</strong></span> <span class='ocrx_word' id='word_1_150' title='bbox 810 2946 870 3004; x_wconf 91' lang='lat' dir='ltr'><strong>aut</strong></span> <span class='ocrx_word' id='word_1_151' title='bbox 894 2939 999 3002; x_wconf 91' lang='lat' dir='ltr'><strong>nullis</strong></span> <span class='ocrx_word' id='word_1_152' title='bbox 1028 2937 1069 3002; x_wconf 91' lang='lat' dir='ltr'><strong>de</strong></span> <span class='ocrx_word' id='word_1_153' title='bbox 1099 2939 1283 3002; x_wconf 86' lang='lat' dir='ltr'><strong>baronibus</strong></span> <span class='ocrx_word' id='word_1_154' title='bbox 1307 2937 1396 3003; x_wconf 90' lang='lat' dir='ltr'><strong>Nor-</strong></span> 
     </span>
    </p>
   </div>
   <div class='ocr_carea' id='block_1_3' title="bbox 281 3011 382 3058">
    <p class='ocr_par' dir='ltr' id='par_1_8' title="bbox 281 3011 382 3058">
     <span class='ocr_line' id='line_1_26' title="bbox 281 3011 382 3058; baseline -0.01 -9"><span class='ocrx_word' id='word_1_155' title='bbox 281 3011 382 3058; x_wconf 82' lang='lat' dir='ltr'><strong>devoutly</strong></span> 
     </span>
    </p>
   </div>
   <div class='ocr_carea' id='block_1_4' title="bbox 280 3036 1396 3910">
    <p class='ocr_par' dir='ltr' id='par_1_9' title="bbox 280 3036 1396 3910">
     <span class='ocr_line' id='line_1_27' title="bbox 282 3036 1396 3121; baseline 0.003 -23"><span class='ocrx_word' id='word_1_156' title='bbox 282 3060 389 3099; x_wconf 68' lang='lat' dir='ltr'><strong>semu</strong></span> <span class='ocrx_word' id='word_1_157' title='bbox 444 3039 592 3102; x_wconf 86' lang='lat' dir='ltr'><strong>manniae</strong></span> <span class='ocrx_word' id='word_1_158' title='bbox 619 3040 818 3121; x_wconf 87' lang='lat' dir='ltr'><strong>assumptis,</strong></span> <span class='ocrx_word' id='word_1_159' title='bbox 846 3058 923 3102; x_wconf 91' lang='lat' dir='ltr'><strong>cum</strong></span> <span class='ocrx_word' id='word_1_160' title='bbox 950 3038 1233 3101; x_wconf 83' lang='lat' dir='ltr'><strong>Brabanzonibus</strong></span> <span class='ocrx_word' id='word_1_161' title='bbox 1262 3038 1298 3100; x_wconf 93' lang='lat' dir='ltr'><strong>in</strong></span> <span class='ocrx_word' id='word_1_162' title='bbox 1323 3036 1396 3101; x_wconf 89' lang='lat' dir='ltr'><strong>An-</strong></span> 
     </span>
     <span class='ocr_line' id='line_1_28' title="bbox 280 3109 1395 3218; baseline 0.001 -21"><span class='ocrx_word' id='word_1_163' title='bbox 280 3109 421 3198; x_wconf 55' lang='lat' dir='ltr'><strong>bulliit,</strong></span> <span class='ocrx_word' id='word_1_164' title='bbox 445 3137 550 3218; x_wconf 79' lang='lat' dir='ltr'><strong>gliam</strong></span> <span class='ocrx_word' id='word_1_165' title='bbox 565 3137 804 3212; x_wconf 82' lang='lat' dir='ltr'><strong>transfretans,</strong></span> <span class='ocrx_word' id='word_1_166' title='bbox 822 3157 898 3201; x_wconf 88' lang='lat' dir='ltr'><strong>oum</strong></span> <span class='ocrx_word' id='word_1_167' title='bbox 924 3137 1076 3200; x_wconf 83' lang='lat' dir='ltr'><strong>maxima</strong></span> <span class='ocrx_word' id='word_1_168' title='bbox 1094 3136 1288 3200; x_wconf 87' lang='lat' dir='ltr'><strong>humilitate</strong></span> <span class='ocrx_word' id='word_1_169' title='bbox 1306 3144 1395 3200; x_wconf 92' lang='lat' dir='ltr'><strong>tum-</strong></span> 
     </span>
     <span class='ocr_line' id='line_1_29' title="bbox 281 3208 1395 3318; baseline -0.002 -18"><span class='ocrx_word' id='word_1_170' title='bbox 281 3208 370 3258; x_wconf 55' lang='lat' dir='ltr'>”myr&#39;</span> <span class='ocrx_word' id='word_1_171' title='bbox 443 3237 523 3300; x_wconf 86' lang='lat' dir='ltr'><strong>bam</strong></span> <span class='ocrx_word' id='word_1_172' title='bbox 549 3237 642 3301; x_wconf 91' lang='lat' dir='ltr'><strong>beati</strong></span> <span class='ocrx_word' id='word_1_173' title='bbox 667 3236 812 3300; x_wconf 81' lang='lat' dir='ltr'><strong>Thomae</strong></span> <span class='ocrx_word' id='word_1_174' title='bbox 842 3236 1004 3318; x_wconf 88' lang='lat' dir='ltr'><strong>martyris</strong></span> <span class='ocrx_word' id='word_1_175' title='bbox 1034 3235 1211 3299; x_wconf 85' lang='lat' dir='ltr'><strong>visitavit:</strong></span> <span class='ocrx_word' id='word_1_176' title='bbox 1245 3242 1284 3298; x_wconf 91' lang='lat' dir='ltr'><strong>ut</strong></span> <span class='ocrx_word' id='word_1_177' title='bbox 1306 3236 1395 3299; x_wconf 83' lang='lat' dir='ltr'><strong>enirn</strong></span> 
     </span>
     <span class='ocr_line' id='line_1_30' title="bbox 444 3332 1396 3416; baseline -0.003 -16"><span class='ocrx_word' id='word_1_178' title='bbox 444 3335 727 3402; x_wconf 82' lang='lat' dir='ltr'><strong>Cantuariensom</strong></span> <span class='ocrx_word' id='word_1_179' title='bbox 745 3336 831 3399; x_wconf 90' lang='lat' dir='ltr'><strong>vidit</strong></span> <span class='ocrx_word' id='word_1_180' title='bbox 848 3335 1039 3410; x_wconf 87' lang='lat' dir='ltr'><strong>ecclesiam,</strong></span> <span class='ocrx_word' id='word_1_181' title='bbox 1058 3353 1148 3416; x_wconf 92' lang='lat' dir='ltr'><strong>equo</strong></span> <span class='ocrx_word' id='word_1_182' title='bbox 1165 3332 1337 3411; x_wconf 89' lang='lat' dir='ltr'><strong>desiliens,</strong></span> <span class='ocrx_word' id='word_1_183' title='bbox 1360 3336 1396 3397; x_wconf 93' lang='lat' dir='ltr'><strong>in</strong></span> 
     </span>
     <span class='ocr_line' id='line_1_31' title="bbox 444 3431 1395 3515; baseline -0.002 -16"><span class='ocrx_word' id='word_1_184' title='bbox 444 3441 540 3499; x_wconf 86' lang='lat' dir='ltr'><strong>veste</strong></span> <span class='ocrx_word' id='word_1_185' title='bbox 566 3435 679 3512; x_wconf 87' lang='lat' dir='ltr'><strong>lanea,</strong></span> <span class='ocrx_word' id='word_1_186' title='bbox 703 3435 805 3497; x_wconf 92' lang='lat' dir='ltr'><strong>nudis</strong></span> <span class='ocrx_word' id='word_1_187' title='bbox 831 3433 976 3515; x_wconf 90' lang='lat' dir='ltr'><strong>pedibus</strong></span> <span class='ocrx_word' id='word_1_188' title='bbox 1000 3431 1197 3515; x_wconf 89' lang='lat' dir='ltr'><strong>peditando‚</strong></span> <span class='ocrx_word' id='word_1_189' title='bbox 1219 3451 1329 3515; x_wconf 91' lang='lat' dir='ltr'><strong>usque</strong></span> <span class='ocrx_word' id='word_1_190' title='bbox 1351 3433 1395 3497; x_wconf 91' lang='lat' dir='ltr'><strong>ad</strong></span> 
     </span>
     <span class='ocr_line' id='line_1_32' title="bbox 443 3533 1396 3617; baseline 0.001 -21"><span class='ocrx_word' id='word_1_191' title='bbox 443 3533 551 3610; x_wconf 90' lang='lat' dir='ltr'><strong>illam,</strong></span> <span class='ocrx_word' id='word_1_192' title='bbox 579 3554 640 3615; x_wconf 91' lang='lat' dir='ltr'><strong>per</strong></span> <span class='ocrx_word' id='word_1_193' title='bbox 669 3534 814 3617; x_wconf 89' lang='lat' dir='ltr'><strong>paludes</strong></span> <span class='ocrx_word' id='word_1_194' title='bbox 838 3540 874 3595; x_wconf 92' lang='lat' dir='ltr'><strong>et</strong></span> <span class='ocrx_word' id='word_1_195' title='bbox 902 3550 989 3596; x_wconf 84' lang='lat' dir='ltr'><strong>saxa</strong></span> <span class='ocrx_word' id='word_1_196' title='bbox 1014 3539 1130 3608; x_wconf 89' lang='lat' dir='ltr'><strong>acuta,</strong></span> <span class='ocrx_word' id='word_1_197' title='bbox 1159 3549 1237 3594; x_wconf 90' lang='lat' dir='ltr'><strong>cum</strong></span> <span class='ocrx_word' id='word_1_198' title='bbox 1260 3551 1396 3598; x_wconf 82' lang='lat' dir='ltr'><strong>summa</strong></span> 
     </span>
     <span class='ocr_line' id='line_1_33' title="bbox 442 3629 1396 3715; baseline -0.003 -19"><span class='ocrx_word' id='word_1_199' title='bbox 442 3633 626 3698; x_wconf 88' lang='lat' dir='ltr'><strong>devotione</strong></span> <span class='ocrx_word' id='word_1_200' title='bbox 642 3632 807 3715; x_wconf 83' lang='lat' dir='ltr'><strong>perrexit.</strong></span> <span class='ocrx_word' id='word_1_201' title='bbox 852 3629 909 3695; x_wconf 89' lang='lat' dir='ltr'><strong>Ad</strong></span> <span class='ocrx_word' id='word_1_202' title='bbox 927 3630 1119 3713; x_wconf 91' lang='lat' dir='ltr'><strong>sepulcrum</strong></span> <span class='ocrx_word' id='word_1_203' title='bbox 1135 3648 1219 3693; x_wconf 88' lang='lat' dir='ltr'><strong>vero</strong></span> <span class='ocrx_word' id='word_1_204' title='bbox 1234 3631 1396 3713; x_wconf 86' lang='lat' dir='ltr'><strong>martyris</strong></span> 
     </span>
     <span class='ocr_line' id='line_1_34' title="bbox 442 3728 1395 3814; baseline -0.002 -20"><span class='ocrx_word' id='word_1_205' title='bbox 442 3739 648 3814; x_wconf 87' lang='lat' dir='ltr'><strong>prostratus,</strong></span> <span class='ocrx_word' id='word_1_206' title='bbox 664 3732 698 3795; x_wconf 95' lang='lat' dir='ltr'><strong>in</strong></span> <span class='ocrx_word' id='word_1_207' title='bbox 716 3731 871 3795; x_wconf 90' lang='lat' dir='ltr'><strong>oratione</strong></span> <span class='ocrx_word' id='word_1_208' title='bbox 884 3737 919 3792; x_wconf 90' lang='lat' dir='ltr'><strong>et</strong></span> <span class='ocrx_word' id='word_1_209' title='bbox 936 3729 972 3792; x_wconf 95' lang='lat' dir='ltr'><strong>in</strong></span> <span class='ocrx_word' id='word_1_210' title='bbox 982 3730 1153 3812; x_wconf 86' lang='lat' dir='ltr'><strong>lacrymas</strong></span> <span class='ocrx_word' id='word_1_211' title='bbox 1168 3729 1219 3792; x_wconf 92' lang='lat' dir='ltr'><strong>ita</strong></span> <span class='ocrx_word' id='word_1_212' title='bbox 1234 3728 1395 3812; x_wconf 88' lang='lat' dir='ltr'><strong>profusus</strong></span> 
     </span>
     <span class='ocr_line' id='line_1_35' title="bbox 442 3827 1394 3910; baseline -0.002 -16"><span class='ocrx_word' id='word_1_213' title='bbox 442 3838 507 3908; x_wconf 92' lang='lat' dir='ltr'><strong>est,</strong></span> <span class='ocrx_word' id='word_1_214' title='bbox 531 3839 571 3894; x_wconf 93' lang='lat' dir='ltr'><strong>ut</strong></span> <span class='ocrx_word' id='word_1_215' title='bbox 600 3830 778 3894; x_wconf 85' lang='lat' dir='ltr'><strong>adstantes</strong></span> <span class='ocrx_word' id='word_1_216' title='bbox 810 3829 913 3893; x_wconf 91' lang='lat' dir='ltr'><strong>etiam</strong></span> <span class='ocrx_word' id='word_1_217' title='bbox 946 3828 990 3892; x_wconf 88' lang='lat' dir='ltr'><strong>ad</strong></span> <span class='ocrx_word' id='word_1_218' title='bbox 1020 3828 1191 3910; x_wconf 86' lang='lat' dir='ltr'><strong>lacrymas</strong></span> <span class='ocrx_word' id='word_1_219' title='bbox 1219 3827 1394 3893; x_wconf 88' lang='lat' dir='ltr'><strong>invitaret.</strong></span> 
     </span>
    </p>
   </div>
   <div class='ocr_carea' id='block_1_5' title="bbox 444 3926 1394 4009">
    <p class='ocr_par' dir='ltr' id='par_1_10' title="bbox 444 3926 1394 4009">
     <span class='ocr_line' id='line_1_36' title="bbox 444 3926 1394 4009; baseline -0.003 -16"><span class='ocrx_word' id='word_1_220' title='bbox 444 3929 548 3994; x_wconf 86' lang='lat' dir='ltr'><strong>Feria</strong></span> <span class='ocrx_word' id='word_1_221' title='bbox 574 3935 677 3992; x_wconf 88' lang='lat' dir='ltr'><strong>sexta</strong></span> <span class='ocrx_word' id='word_1_222' title='bbox 703 3928 785 3992; x_wconf 90' lang='lat' dir='ltr'><strong>illuc</strong></span> <span class='ocrx_word' id='word_1_223' title='bbox 808 3934 963 4005; x_wconf 87' lang='lat' dir='ltr'><strong>venerat,</strong></span> <span class='ocrx_word' id='word_1_224' title='bbox 989 3933 1024 3991; x_wconf 92' lang='lat' dir='ltr'><strong>et</strong></span> <span class='ocrx_word' id='word_1_225' title='bbox 1045 3927 1241 4009; x_wconf 90' lang='lat' dir='ltr'><strong>impransus</strong></span> <span class='ocrx_word' id='word_1_226' title='bbox 1268 3926 1394 3991; x_wconf 92' lang='lat' dir='ltr'><strong>ibidem</strong></span> 
     </span>
    </p>
   </div>
   <div class='ocr_carea' id='block_1_6' title="bbox 478 4118 1396 4326">
    <p class='ocr_par' dir='ltr' id='par_1_11' title="bbox 478 4118 1396 4326">
     <span class='ocr_line' id='line_1_37' title="bbox 479 4118 1396 4186; baseline 0.001 -13"><span class='ocrx_word' id='word_1_227' title='bbox 479 4118 750 4182; x_wconf 81' lang='lat' dir='ltr'><strong>&#39;‘Glammontensis3&#39;</strong></span> <span class='ocrx_word' id='word_1_228' title='bbox 763 4119 832 4172; x_wconf 76' lang='lat' dir='ltr'><em>D’A.</em></span> <span class='ocrx_word' id='word_1_229' title='bbox 931 4124 982 4173; x_wconf 84' lang='lat' dir='ltr'><strong>this</strong></span> <span class='ocrx_word' id='word_1_230' title='bbox 1001 4126 1035 4186; x_wconf 81' lang='lat' dir='ltr'><strong>by</strong></span> <span class='ocrx_word' id='word_1_231' title='bbox 1051 4126 1218 4186; x_wconf 78' lang='lat' dir='ltr'><strong>substituting</strong></span> <span class='ocrx_word' id='word_1_232' title='bbox 1235 4119 1396 4174; x_wconf 72' lang='lat' dir='ltr'><strong>‘obaeratos’</strong></span> 
     </span>
     <span class='ocr_line' id='line_1_38' title="bbox 478 4189 1217 4255; baseline 0.003 -14"><span class='ocrx_word' id='word_1_233' title='bbox 478 4191 671 4254; x_wconf 76' lang='lat' dir='ltr'><strong>’‘patriumque</strong></span> <span class='ocrx_word' id='word_1_234' title='bbox 682 4189 833 4252; x_wconf 79' lang='lat' dir='ltr'><strong>vastarent;&#39;</strong></span> <span class='ocrx_word' id='word_1_235' title='bbox 851 4192 890 4243; x_wconf 85' lang='lat' dir='ltr'><strong>M.</strong></span> <span class='ocrx_word' id='word_1_236' title='bbox 930 4195 975 4230; x_wconf 88' lang='lat'><strong>—‘</strong></span> <span class='ocrx_word' id='word_1_237' title='bbox 984 4195 1112 4244; x_wconf 76' lang='lat' dir='ltr'><strong>aberratur</strong></span> <span class='ocrx_word' id='word_1_238' title='bbox 1122 4189 1138 4255; x_wconf 79' lang='lat'><strong>3&#39;</strong></span> <span class='ocrx_word' id='word_1_239' title='bbox 1151 4189 1217 4243; x_wconf 75' lang='lat' dir='ltr'><strong><em>D&#39;A.</em></strong></span> 
     </span>
     <span class='ocr_line' id='line_1_39' title="bbox 478 4259 1279 4326; baseline 0 -14"><span class='ocrx_word' id='word_1_240' title='bbox 478 4261 563 4312; x_wconf 68' lang='lat' dir='ltr'><strong>”Harl</strong></span> <span class='ocrx_word' id='word_1_241' title='bbox 585 4262 775 4323; x_wconf 83' lang='lat' dir='ltr'><strong>unnecessarily</strong></span> <span class='ocrx_word' id='word_1_242' title='bbox 796 4267 906 4312; x_wconf 80' lang='lat' dir='ltr'><strong>correcte</strong></span> <span class='ocrx_word' id='word_1_243' title='bbox 964 4261 973 4291; x_wconf 85' lang='lat'><strong>⁴</strong></span> <span class='ocrx_word' id='word_1_244' title='bbox 987 4261 1197 4326; x_wconf 81' lang='lat' dir='ltr'><strong>‘expulsisecnt3’</strong></span> <span class='ocrx_word' id='word_1_245' title='bbox 1210 4259 1279 4312; x_wconf 70' lang='grc' dir='ltr'><strong>Μ.</strong></span> 
     </span>
    </p>
   </div>
   <div class='ocr_carea' id='block_1_7' title="bbox 0 0 1606 5028">
    <p class='ocr_par' dir='ltr' id='par_1_12' title="bbox 0 0 1606 5028">
     <span class='ocr_line' id='line_1_40' title="bbox 0 0 1606 5028; baseline 0 2"><span class='ocrx_word' id='word_1_246' title='bbox 0 0 1606 5028; x_wconf 95' lang='lat' dir='ltr'><strong> </strong></span> 
     </span>
    </p>
   </div>
  </div>
 </body>
</html>
