3180 5026
530 496 532 502 ·
566 487 761 536 nsssnnss
1085 473 1129 536 37

174 642 264 707 triae.
318 643 453 723 Quarto
479 665 562 711 vero
587 645 666 710 idus
688 646 820 728 Aprilis
842 646 923 711 iecit
949 667 1011 711 rex
1036 647 1127 730 opti·
1140 657 1264 708 rheuma

1139 709 1211 748 nobles
1224 720 1290 750 suem

175 751 289 807 mates
318 742 503 826 Anglicani
531 747 631 827 regni
655 744 775 828 jurare
803 746 1003 811 fidelitatem
1036 746 1283 848 wil-mnan

174 842 292 919 lelmo,
315 842 386 908 lilio
410 864 486 921 suo,
506 844 597 927 apud
624 845 892 928 Walyngsorde3
919 852 966 923 et,
986 846 1015 909 si
1040 865 1127 928 puer
1137 859 1198 908 Anu
1208 837 1237 898 16·
1263 875 1266 882 ¹

175 942 362 1006 immatura
379 943 541 1008 mortain
558 943 632 1008 iata
647 943 839 1022 decederet,
856 945 1010 1010 Henrico
1026 944 1126 1009 fratri

175 1059 255 1118 suo,
269 1042 328 1124 qui
344 1041 454 1124 pridie
471 1043 537 1106 cal.
556 1042 677 1108 Martii
692 1051 795 1108 natus
808 1044 922 1109 luerat
937 1063 1029 1108 anno
1044 1045 1124 1109 isto.
1137 1063 1186 1104 aa.
1196 1065 1228 1102 a.

176 1139 288 1222 Hugo
310 1140 352 1204 de
369 1141 615 1207 Mortuo-mari
640 1161 717 1207 cum
740 1149 854 1207 castra
880 1162 944 1208 sua
961 1143 1127 1208 munisset

174 1247 298 1304 contra
323 1259 450 1322 regem,
479 1259 542 1305 rex
571 1261 612 1305 ea
642 1241 814 1319 obsidens,
841 1250 1006 1320 castrum,
1034 1243 1126 1325 qnod

176 1331 333 1420 Glebnri¹
349 1338 486 1420 dicitnr,
503 1349 584 1423 post
597 1341 848 1422 aliquantulum
868 1342 1031 1424 temporis
1045 1360 1127 1424 cap-

176 1444 252 1501 tum
267 1438 452 1504 destruxit.
504 1439 601 1504 Idem
620 1438 727 1522 Hugo
743 1440 813 1504 cito
828 1447 907 1522 post
922 1440 1125 1523 pacificatus

175 1544 231 1600 est
256 1557 333 1602 oum
362 1558 456 1620 rege,
483 1539 624 1603 redditis
650 1540 759 1604 eidem
783 1538 907 1604 castris
922 1539 964 1603 de
978 1532 1125 1622 'Wyge

175 1655 272 1700 more
293 1645 329 1701 et
345 1637 388 1701 de
404 1639 548 1719 Bruges.
601 1637 723 1721 Sopita
746 1646 799 1703 est
814 1640 919 1703 etiam
943 1636 1127 1716 discordia,

174 1755 256 1817 quae
289 1737 431 1801 suborta
460 1736 574 1802 iuerat
601 1737 692 1801 inter
724 1757 839 1819 regem
873 1745 908 1802 et
937 1737 1126 1819 Rogerum,

175 1835 286 1898 filium
304 1835 444 1901 Milonis
458 1835 500 1900 de
523 1835 725 1913 Glovernia,
739 1837 897 1902 comitem
917 1836 1126 1914 Herfordiae,

174 1940 319 2017 propter
332 1936 454 1999 turrim
472 1935 681 2000 Gloverniae.
718 1935 797 2014 Quo
812 1943 948 2001 mortuo
961 1937 1126 2000 successit

176 2034 210 2097 ei
230 2028 438 2112 'Walterus
459 2034 569 2099 frater
591 2035 678 2119 ejus,
706 2036 743 2098 in
770 2041 915 2118 paterna
936 2034 1126 2099 hereditate

175 2138 326 2210 tantum,
360 2153 441 2215 rege
470 2133 672 2198 comitatum
709 2133 905 2199 Herfordiae
942 2141 977 2198 et
1007 2135 1126 2198 urbem

176 2231 376 2297 Gloverniae
391 2234 427 2295 in
442 2252 547 2296 manu
563 2234 702 2317 propria
719 2234 897 2299 retinente.

228 2332 445 2409 Fredericus,
467 2352 531 2396 rex
550 2325 800 2409 ⁴Alamanniae,
821 2333 970 2396 Romam
988 2332 1126 2397 veniens
1139 2350 1291 2400 raumara

174 2432 403 2496 renitentibus
427 2432 608 2510 Romanis,
631 2449 653 2494 a
676 2450 769 2515 papa
793 2430 948 2495 Adriano
970 2401 1276 2513 imperia-ildilill

175 2531 244 2594 lem
267 2531 539 2595 benedictionem
557 2532 718 2595 obtinuit.
770 2531 864 2595 Dum
887 2550 970 2594 vero
992 2528 1036 2593 ad
1058 2499 1272 2593 sta-dliii...

175 2631 304 2694 tionem
328 2631 444 2708 suam,
472 2649 551 2712 quae
580 2636 655 2694 erat
678 2631 714 2693 in
740 2636 841 2712 prato
866 2628 1030 2705 Neronis
1054 2600 1255 2693 exi-‘libid‘

175 2729 297 2806 visset,
311 2729 472 2806 Romani,
485 2737 619 2793 armata
636 2748 739 2792 manu
755 2729 918 2793 familiam
933 2735 1126 2810 sequentes,

175 2829 214 2891 in
239 2835 341 2911 porta
358 2828 470 2892 sancti
485 2826 612 2911 Angeli
635 2827 820 2892 crudeliter
840 2829 1055 2904 invaserunt,
1071 2845 1129 2890 usa

177 2947 246 3010 qne
264 2926 307 2991 ad
326 2927 543 3010 imperatoris
561 2927 744 2992 tentorium
761 2927 1008 3010 persequendo.
1048 2926 1127 3003 Sed,

177 3020 413 3091 invalescente
430 3025 591 3104 clamore,
606 3021 618 3058 ⁵
624 3027 808 3092 Teutonici
830 3027 973 3090 adunati
997 3027 1128 3090 Roma·

178 3145 243 3190 nos
276 3125 440 3191 atrociter
467 3126 678 3209 repulerunt,
708 3126 795 3190 adeo
826 3124 918 3207 quod
945 3126 1128 3208 prostratis

178 3225 298 3289 multis
321 3233 357 3289 et
376 3226 571 3308 captivatis,
595 3226 655 3289 vix
686 3225 815 3308 captivi
837 3225 972 3306 magnis
1001 3223 1129 3287 domini

177 3344 279 3424 papae
302 3325 466 3407 precibus·
478 3325 751 3388 restituerentur.
804 3322 890 3388 Cum
916 3343 999 3386 vero
1021 3323 1128 3403 impe-

178 3432 276 3488 rator
300 3424 537 3506 proposuisset
565 3423 711 3486 transire
736 3425 772 3486 in
793 3421 970 3504 Apuliam,
996 3427 1035 3483 ut
1055 3439 1129 3500 reg-

178 3541 262 3586 num
277 3520 428 3605 Apuliae,
452 3541 635 3604 regemque
657 3521 733 3605 ejus
751 3521 963 3587 Willelmum
987 3529 1130 3600 pessun-

177 3623 290 3699 daret,
316 3629 451 3686 mutata
471 3622 586 3685 subito
615 3620 795 3684 voluntate
819 3613 872 3682 ⁶in
901 3618 1050 3701 patriam
1077 3624 1131 3680 est

176 3739 347 3786 reversus.
401 3719 477 3785 Nec
499 3727 615 3784 tamen
638 3720 710 3801 regi
728 3717 904 3784 Willelmo
925 3717 1052 3780 bellum
1076 3715 1131 3778 de-

215 3968 222 3998 ¹
242 3963 406 4029 ‘Oleuburi3’
425 3965 495 4018 D’A.
527 3967 644 4028 Perhaps
704 3963 714 3993 ⁴
731 3966 877 4028 Frederick,
897 3966 947 4014 viz.
968 3945 1132 4014 Barbaroesa.

179 4039 344 4119 Claybroelrt
357 4053 385 4087 or
397 4038 538 4123 Cleoburyt
669 4037 814 4085 ‘Almaniae
824 4035 841 4096 ς’
850 4034 897 4085 Ar.
1032 4038 1035 4046 ’

213 4102 511 4237 :dlllllllmnlll'z
530 4173 645 4225 ‘caua
704 4131 923 4197 ”mimmii
936 4137 975 4185 Μ·

179 4249 248 4308 dus,'
259 4248 299 4296 M.
311 4250 335 4295 et
345 4245 393 4295 Ar.
705 4237 715 4269 ⁰
732 4240 776 4288 ‘in
787 4239 890 4301 propria
897 4237 915 4300 ;'
932 4235 1001 4286 D'A.
