3204 5028
455 511 519 576 130
813 529 886 576 uro.
910 528 1058 575 sarvam

456 693 581 750 terram
620 705 719 750 suam
756 693 837 750 ante
873 685 947 750 dies
986 683 1218 767 quadraginta
1251 691 1407 748 exactos.

456 786 625 850 Discessit
650 785 758 868 igitur
779 805 842 850 rex
870 785 1083 849 Francorum
1103 805 1125 848 a
1147 784 1257 847 Terra
1278 782 1408 847 Sancta

446 885 488 948 'in
512 886 567 950 die
590 885 626 951 S.
645 885 743 949 Petri
765 885 809 949 ad
827 879 989 962 vincula,¹
1016 885 1108 949 datis
1129 884 1161 948 ei
1181 883 1225 948 ad
1246 890 1407 965 rogatum

454 1004 555 1049 suum
586 1006 608 1050 a
637 1006 719 1068 rege
741 985 894 1050 Ricardo
920 985 1030 1066 galeis
1052 984 1206 1060 duabus3
1237 984 1309 1066 qui,
1335 990 1406 1047 tam

453 1084 611 1149 beneficii
628 1105 732 1168 quam
744 1085 934 1169 juramenti
951 1086 1141 1160 immemor,
1158 1084 1193 1146 in
1215 1102 1278 1147 suo
1294 1082 1406 1146 reditu

453 1183 489 1246 in
519 1183 700 1250 Franciam
721 1192 832 1250 terras
854 1185 946 1267 regis
970 1184 1113 1249 Ricardi
1134 1184 1273 1248 invasit.
1326 1183 1407 1248 Rex

455 1283 640 1363 Ricardus,
661 1292 741 1367 post
757 1285 945 1349 discessum
967 1285 1060 1366 regis
1084 1285 1309 1360 Francorum,
1333 1302 1405 1346 om·

454 1402 532 1447 nem
563 1385 717 1450 adhibuit
745 1404 884 1469 operam
911 1385 1017 1448 muris
1045 1385 1197 1448 civitatis
1222 1381 1346 1447 Achon
1369 1383 1405 1446 in

454 1483 559 1549 altius
587 1493 623 1550 et
647 1485 832 1568 perfectius
854 1484 1068 1566 reparandis.
1121 1483 1324 1565 Reliquerat
1344 1502 1407 1546 au·

453 1589 522 1647 tem
547 1604 610 1648 rex
639 1585 797 1649 Franciae
824 1585 860 1647 in
884 1603 989 1647 manu
1010 1583 1109 1648 ducis
1135 1581 1347 1664 Burgundiee
1370 1590 1405 1647 et

453 1682 621 1748 Marchisi
649 1692 783 1768 partem
814 1702 912 1748 suam
941 1684 1112 1760 obsidum,
1143 1691 1183 1747 ut
1214 1682 1257 1746 de
1287 1701 1405 1746 eorum

452 1783 698 1866 redemptione,
716 1803 819 1867 quam
841 1784 1037 1848 aestimabat
1059 1781 1243 1847 ascendere
1260 1783 1302 1846 ad
1325 1802 1405 1845 cen·

454 1889 527 1946 tum
545 1884 653 1947 millia
674 1903 868 1960 aureorum,
890 1902 1001 1966 usque
1023 1883 1067 1946 ad
1089 1882 1227 1946 Pascha
1247 1881 1403 1945 relictam

451 1981 499 2045 ibi
516 1983 673 2048 militiam
690 1983 878 2048 exhiheret.
915 1982 1003 2062 Cum
1021 1989 1136 2046 autem
1153 1981 1282 2046 Gallici
1297 1982 1401 2046 aliam

451 2083 588 2163 penitus
626 2103 696 2148 non
733 2084 901 2148 haberent
929 2082 1188 2159 exhibitionem,
1218 2081 1403 2164 plurimum

452 2183 635 2247 murmuris
658 2181 704 2248 vet
729 2182 960 2248 contentionis
989 2183 1163 2247 intereos
1193 2189 1307 2246 ortum
1338 2189 1402 2259 est,

450 2301 630 2366 quousque
651 2276 731 2347 ²rex
763 2282 935 2347 Ricardus
956 2283 1035 2346 duci
1061 2281 1275 2363 Burgundiae
1299 2301 1403 2364 super

449 2382 587 2446 obsides
617 2383 683 2447 sibi
713 2383 852 2448 relictos
888 2401 1081 2446 marcarum
1112 2382 1264 2464 quinque
1293 2382 1402 2446 millia

449 2483 692 2547 commodaret.
743 2483 904 2547 Exeunte
926 2489 1041 2546 autem
1064 2482 1308 2563 redemptionis
1331 2488 1401 2545 ter·

447 2581 554 2660 mino,
577 2589 612 2646 et
628 2589 830 2666 exspectata
847 2583 991 2646 ulterius
1008 2600 1079 2645 una
1095 2581 1302 2663 septimana,
1322 2600 1400 2644 cum

447 2701 516 2746 non
533 2689 624 2746 esset
642 2683 701 2764 qui
723 2683 765 2745 de
788 2681 995 2746 redimendis
1017 2689 1167 2759 curaret,
1190 2681 1232 2745 de
1255 2699 1398 2745 assensu

447 2782 597 2845 omnium
620 2782 656 2845 in
678 2781 829 2848 crastino
855 2775 1132 2862 ⁸Assumptionis
1150 2780 1306 2862 Virginis
1326 2781 1399 2862 glo-

446 2880 547 2944 riosae
563 2880 700 2945 obsides
714 2901 845 2959 omnes,
869 2880 1053 2945 reservatis
1074 2888 1210 2945 tantum
1228 2880 1401 2962 aliquibus

447 2978 646 3064 majoribus,
664 2982 695 3044 si
715 2981 803 3046 forte
818 2981 874 3046 vel
897 2981 965 3063 ipsi
985 2980 1244 3056 redimerentur,
1259 2980 1316 3044 vel
1335 3001 1399 3062 pro

446 3079 495 3143 eis
513 3080 621 3164 aliqui
639 3080 828 3145 Christiani
849 3081 980 3162 captivi
995 3081 1234 3157 liberarentur,
1252 3099 1280 3143 a·
1297 3080 1399 3143 satel-

447 3178 567 3243 litibus
592 3179 817 3245 decollantur.
870 3179 1006 3243 Exinde
1031 3180 1251 3262 progreditur
1281 3177 1399 3242 Chris·

446 3279 562 3343 tianus
578 3281 764 3359 exercitus,
782 3281 869 3344 duce
885 3299 967 3362 rege
984 3279 1148 3358 Ricardo,
1160 3297 1280 3344 versus
1292 3278 1398 3344 Asca-

445 3378 574 3443 loniam
587 3381 794 3460 maritimam
812 3380 1001 3445 civitatem.

285 3486 441 3548 creaturam
497 3479 662 3545 Pervenit
679 3488 795 3545 autem
811 3479 985 3544 exercitus
1006 3478 1173 3543 ordinatis
1191 3478 1293 3543 dietis
1315 3498 1396 3561 pro·

283 3547 390 3638 {liliis}
445 3579 617 3660 grediens,
634 3587 715 3664 post
730 3580 858 3644 multas
879 3598 900 3642 a
922 3579 1047 3643 Turcis
1069 3578 1186 3643 illatas
1208 3578 1397 3656 molestias,

444 3679 489 3742 ad
505 3679 648 3744 fluvium
663 3680 723 3763 qui
738 3680 845 3761 vulgo
860 3679 987 3743 dicitur
1001 3672 1247 3742 ⁴Rochetaille.
1287 3678 1397 3743 Exer-

442 3779 532 3843 citus
556 3787 672 3845 autem
694 3781 887 3845 Turcorum
910 3798 954 3842 ex
975 3778 1069 3843 omni
1089 3778 1294 3860 paganismo
1316 3797 1397 3842 con·

442 3887 621 3961 gregatas,
650 3881 709 3962 qui
745 3880 983 3944 aestimabatur
1017 3877 1061 3942 ad
1101 3885 1255 3942 trecenta
1287 3878 1398 3942 millia

477 4119 484 4150 ¹
501 4121 606 4182 August
616 4124 663 4170 lst.
930 4121 984 4170 lirst
999 4119 1090 4169 within
1108 4119 1151 4168 the
1165 4123 1263 4181 octove,
1278 4118 1321 4168 the
1336 4119 1395 4169 date

474 4187 485 4220 ²
501 4190 562 4239 ‘rex
571 4185 586 4252 ;’
603 4190 717 4252 wanting
727 4188 754 4236 in
766 4183 834 4239 D’A.
930 4190 953 4240 is
965 4190 1024 4238 here
1036 4189 1191 4240 determined
1202 4194 1228 4238 to
1244 4189 1287 4238 the
1299 4190 1358 4238 loth
1369 4190 1399 4240 of

474 4255 722 4322 ’‘Assumptionis'
742 4258 765 4307 is
781 4258 843 4308 from
864 4259 904 4309 M.
930 4260 1043 4322 August.

437 4330 492 4379 The
507 4345 616 4382 morrow
627 4330 656 4381 of
669 4329 762 4380 afeast
772 4329 850 4393 being
861 4329 903 4379 the
965 4327 975 4356 ⁴
992 4328 1192 4391 ‘Roehetgaylle
1199 4323 1218 4390 ς’
1230 4328 1269 4377 Μ.
1281 4332 1306 4376 et
1317 4329 1365 4380 Ar.
