3252 5026
640 489 823 539 Anninus.
1145 475 1211 538 145

255 648 374 730 itaque
398 666 440 712 ea
467 645 524 710 dio
554 644 640 710 odeo
665 645 745 730 jugi
775 652 925 710 vexatus
952 649 1006 710 est
1032 645 1210 724 exercitio,

254 747 400 811 utentis
417 746 550 811 dextrae
567 746 734 810 vibrantis
752 744 905 826 gladium
920 752 1146 828 rumperetur.

306 846 446 911 Interea
462 846 574 910 lactus
591 851 645 909 est
661 844 791 926 clamor
807 863 953 927 magnus
977 865 998 909 a
1015 845 1104 909 facio
1118 843 1207 909 Tur·
1221 857 1348 950 {mor

165 941 167 945 ’
256 965 387 1023 corum,
405 945 480 1030 jam
496 945 615 1010 villam
633 943 657 1009 J
660 964 749 1027 oppa
772 945 931 1008 certatim
954 946 1208 1028 occupantium.
1315 937 1321 949 '

257 1044 336 1123 Quo
359 1046 489 1122 audito,
513 1064 576 1109 rex
600 1063 677 1107 cum
701 1043 920 1107 multitudine
939 1043 1208 1122 balistariorum,

256 1145 430 1227 equitibus
453 1151 588 1209 tantum
612 1143 747 1207 duobus
768 1161 846 1207 eum
868 1145 1124 1221 comitantibus,
1149 1165 1207 1209 ac·

256 1245 384 1323 currit3
409 1252 444 1308 et
460 1244 495 1307 in
509 1244 586 1326 ipsa
602 1242 734 1325 ¹platea
750 1241 837 1306 duos
853 1242 986 1307 Turcos
1003 1244 1069 1307 sibi
1087 1245 1207 1308 obvios

256 1343 432 1427 dejiciens,
448 1361 555 1427 equos
569 1342 656 1406 duos
670 1341 859 1406 lucrifecit:
884 1342 1099 1425 repulsisque
1116 1343 1206 1406 Tur·
1266 1394 1271 1404 ,

257 1443 319 1521 cis,
344 1443 523 1507 mandavit
546 1460 721 1506 murorum
744 1442 938 1524 interrupta
961 1443 1127 1524 reparari,
1149 1442 1207 1507 ad-

257 1541 377 1606 hibens
397 1542 559 1606 custodes
579 1542 639 1624 qui
661 1540 837 1605 civitatem
858 1540 1072 1606 custodirent
1091 1544 1135 1605 ab
1156 1541 1207 1605 in·

256 1643 414 1707 cursione
429 1641 633 1705 Turcorum.
686 1639 821 1704 Deinde
844 1641 888 1704 ad
909 1640 1008 1704 littus
1026 1641 1130 1705 maris
1152 1661 1207 1706 ac-

256 1741 393 1815 cedens,
416 1740 583 1824 plurimos
606 1740 724 1822 quiin
748 1740 857 1821 galeis
881 1740 999 1820 fugam
1027 1740 1209 1805 tentabant

257 1839 500 1904 efficacissimis
524 1840 638 1904 verbis
660 1838 703 1903 ad
726 1839 884 1922 praelium
910 1841 1105 1918 revocavit;
1129 1860 1208 1904 cum

256 1941 380 2021 quibus
406 1939 449 2004 ad
477 1940 590 2004 locum
618 1957 744 2020 pugnae
775 1939 866 2002 unde
895 1938 1070 2020 digressus
1096 1940 1209 2004 fuerat

257 2040 410 2114 veniens,
432 2038 644 2103 ferocissimo
669 2039 800 2121 impetu
830 2039 866 2101 in
892 2038 1084 2103 'I'urcorum
1108 2040 1208 2103 dimi·

259 2140 411 2203 cantium
434 2157 472 2202 se
493 2139 630 2202 turbam
653 2139 808 2220 ingessit,
832 2139 893 2220 qui
917 2156 1033 2220 regem
1058 2138 1208 2222 undique

258 2238 568 2314 circumvallantes,
586 2239 637 2302 ita
650 2244 690 2301 ut
703 2257 874 2320 nusquam
892 2237 1066 2302 videretur
1083 2257 1104 2302 a
1123 2238 1208 2315 suis,

258 2339 472 2402 conabantur
493 2337 697 2420 opprimere.
746 2335 794 2401 At
815 2336 874 2400 ille
897 2344 997 2400 tanta
1021 2338 1208 2402 vivacitate

257 2437 293 2500 in
327 2438 388 2502 illa
420 2437 612 2502 Turdorum
643 2436 862 2500 multitudine
895 2455 932 2498 se
965 2436 1091 2518 agebat
1114 2442 1209 2501 trans

260 2555 365 2602 ausus
387 2536 576 2614 hominum,
597 2544 637 2601 ut
654 2537 697 2601 ad
718 2535 846 2599 nullius
869 2554 999 2617 pavens
1017 2554 1209 2612 occursum,

258 2635 376 2702 hostes
396 2638 690 2702 transverberaret
707 2635 859 2718 undique
880 2634 1059 2700 irruentes.
1112 2635 1210 2699 Inter

260 2755 348 2818 quos
362 2736 578 2800 admiralium
595 2734 766 2818 quendam
783 2729 926 2799 ²ceteris
939 2734 1208 2813 eminentiorem,

260 2842 295 2899 et
312 2837 440 2918 insigni
460 2835 639 2900 cultiorem
661 2842 844 2917 apparatu,
862 2835 964 2899 unico
984 2835 1044 2898 sed
1062 2835 1211 2898 admira-

259 2934 320 2999 bili
342 2935 484 3000 vulnere
504 2934 695 3013 interiecit3
722 2935 781 3016 qui
808 2954 886 2997 cum
912 2932 998 2997 alios
1026 2934 1122 2998 velut
1151 2934 1210 2998 do-

260 3034 351 3098 sides
382 3034 602 3116 redarguens,
631 3053 720 3116 equo
752 3033 890 3097 sublimi
923 3044 1056 3112 vectus„
1089 3033 1210 3116 rapido

261 3153 364 3198 cursu
396 3133 519 3198 obvius
546 3131 621 3214 regi
655 3132 846 3216 dejiciendo
875 3133 1039 3210 venisset,
1066 3133 1211 3197 irruenti

260 3232 498 3315 multipliciter
530 3237 664 3296 armato
698 3251 760 3295 rex
794 3231 947 3312 gladium
978 3238 1054 3295 tota
1081 3233 1210 3297 virtute

262 3332 439 3416 objiciens,
462 3340 568 3414 capnt
590 3350 668 3394 cum
694 3330 838 3413 scapula
863 3330 987 3394 dextra
1013 3337 1048 3394 et
1069 3329 1210 3395 brachio

261 3433 466 3515 amputavit.
518 3430 599 3509 Quo
616 3431 703 3506 viso,
725 3431 830 3494 ceteri
848 3429 954 3492 Turci
973 3429 1061 3492 viam
1083 3430 1210 3511 spatio-

262 3550 335 3594 sam
360 3530 532 3606 cedentes,
559 3549 581 3594 a
611 3530 714 3611 longe
738 3530 886 3611 sagittas
914 3536 949 3593 et
976 3527 1048 3610 pila
1076 3534 1209 3592 tautum

261 3630 297 3693 in
314 3631 426 3711 ipsum
442 3629 598 3693 emittere
614 3628 830 3710 satagebant.
875 3627 983 3709 Regis
1000 3627 1118 3710 itaque
1136 3647 1211 3692 cor·

262 3748 328 3811 pus
350 3729 615 3811 circumquaque
638 3721 805 3793 ³obsitum
827 3727 906 3810 pilis
929 3727 1143 3791 creberrimis
1160 3727 1212 3790 in-

193 3901 196 3908 ,
262 3828 355 3906 fixis,
375 3829 466 3892 sicut
480 3828 603 3892 ericius
618 3827 767 3907 aculeis;
790 3826 946 3891 similiter
960 3835 994 3890 et
1008 3844 1119 3908 equus
1136 3825 1212 3909 ejus

262 3927 401 4010 sagittis
418 3927 627 3992 haerentibus
650 3927 684 3990 in
708 3927 782 4011 ejus
804 3926 955 4008 phaleris
977 3924 1138 3990 horrebat
1160 3926 1213 3988 in·

262 4028 423 4092 numeris.
489 4026 546 4090 Sic
581 4025 679 4090 miles
716 4026 864 4090 eximius
899 4044 1076 4107 regressus
1107 4033 1161 4090 est
1191 4044 1214 4089 a

300 4208 307 4239 ¹
326 4212 427 4273 ‘plocio
434 4206 449 4271 ;’
460 4211 497 4259 Μ.
507 4226 514 4260 :
530 4206 669 4272 ‘palatios
680 4210 728 4258 Ar.
786 4205 798 4240 ⁸
813 4173 939 4258 ‘obsitum
950 4204 1003 4270 sit;'
1015 4209 1054 4259 M.
1065 4213 1090 4258 rt
1100 4208 1148 4260 Ar.

298 4277 309 4312 ¹
326 4281 375 4330 ‘ex
385 4281 477 4331 Turris
488 4276 502 4340 ς’
516 4281 553 4331 Μ.
563 4284 587 4329 ct
598 4280 646 4329 Ar.

1045 4369 1066 4414 L
