3204 5028
572 509 757 561 Anninus.
1098 495 1143 560 93

181 669 288 734 Vado
315 669 439 745 Jacob,
471 676 507 733 et
528 667 614 732 illud
639 668 807 734 violenter
827 667 933 750 cepit,
956 685 1143 751 omnesque

182 772 222 834 in
239 790 280 834 co
295 771 456 835 inventos
470 768 605 833 occidit.

231 869 328 934 Obiit
363 869 525 950 Rogems
560 866 814 948 wigorniensis
856 866 1051 949 episcopus,
1090 867 1144 930 vir

183 969 339 1034 moribus
369 967 535 1034 honestus
569 974 605 1031 et
635 984 782 1048 genere3
821 972 896 1030 erat
933 968 1025 1030 enim
1051 966 1143 1030 filius

184 1069 334 1133 Roberti
367 1067 503 1132 comitis
534 1065 746 1142 Gloverniae,
774 1065 836 1129 filii
869 1065 1013 1130 Henrici
1043 1065 1144 1149 primi

185 1168 383 1249 Anglorum
399 1167 501 1249 regis.

237 1267 319 1331 Hoc
341 1286 433 1331 anno
455 1265 577 1329 initum
600 1271 655 1329 est
668 1263 781 1328 loedus
803 1263 1014 1346 interreges
1032 1264 1271 1369 Εωη-Γιιαυω

183 1387 304 1431 corum
323 1374 358 1431 et
375 1364 568 1447 Anglorum
592 1384 653 1448 per
666 1363 801 1428 litteras
820 1364 1036 1429 continentes
1054 1364 1143 1427 hanc
1154 1340 1280 1469 3131·ssde

184 1467 355 1530 sormam:
1154 1439 1284 1569 {fingeret

237 1563 340 1647 ‘Ego
366 1563 549 1646 Philippus
577 1564 648 1627 Dm
677 1562 792 1644 gratia
817 1583 879 1628 rex
909 1562 1078 1642 Franciae,
1108 1540 1255 1629 ,tuln

184 1685 253 1748 ego
290 1665 466 1729 Henricus
500 1662 618 1727 eadem
651 1662 765 1744 gratia
799 1682 862 1727 rex
905 1661 1056 1746 Angliae,
1094 1666 1144 1729 -ad

187 1765 342 1829 omnium
359 1763 517 1828 volumus
544 1770 615 1827 tam
638 1762 859 1845 praesentium
883 1783 987 1846 quam
1009 1763 1144 1829 futuro-

187 1884 265 1928 rum
282 1864 463 1947 pervenire
477 1861 647 1939 notitiam,
662 1860 755 1945 quod
772 1860 886 1926 foedus
901 1871 937 1926 et
953 1862 1141 1928 amicitiam

186 1964 256 2028 fide
296 1963 409 2028 media
443 1970 480 2027 et
512 1968 727 2026 sacramento
755 1959 1008 2040 innovavimus,
1041 1983 1144 2046 quam

187 2063 349 2127 dominus
372 2080 469 2128 meus
492 2082 555 2127 rex
586 2061 796 2125 Francorum
821 2069 857 2126 et
881 2081 947 2144 ego
971 2057 1146 2128 Henricus

188 2182 253 2226 rex
275 2160 411 2244 Angliae
434 2161 703 2226 formaveramus
722 2159 889 2225 internos
907 2161 999 2244 apud
1016 2155 1146 2240 'Luem

188 2262 226 2326 in
250 2260 436 2344 praesentia
458 2261 555 2326 Petri
578 2259 763 2324 cardinalis
786 2268 821 2325 et
843 2259 986 2326 Ricardi
1006 2260 1146 2326 Winto-

187 2361 320 2426 niensis
344 2361 517 2443 episcopi;
541 2367 577 2424 et
600 2367 641 2424 ut
663 2359 753 2423 inter
777 2379 840 2424 nos
862 2360 1004 2424 tollatur
1022 2362 1146 2426 amodo

188 2461 303 2525 omnis
320 2460 467 2526 materia
482 2458 675 2536 discordiae,
690 2459 921 2524 concessimus
936 2458 979 2522 ad
997 2458 1146 2525 invicem

188 2559 285 2642 quod
306 2559 349 2624 de
374 2559 474 2624 terris
496 2566 532 2623 et
551 2558 838 2641 possessionibus,
863 2566 900 2623 ct
924 2559 967 2624 de
989 2559 1147 2624 omnibus

189 2658 270 2723 aliis
287 2660 389 2723 rebus
404 2677 491 2742 quas
507 2657 685 2736 habemus,
701 2657 789 2723 alter
805 2651 989 2723 'adversus
1000 2658 1147 2725 alterum

190 2757 277 2825 nihil
295 2757 418 2822 amodo
433 2763 541 2840 petet,
556 2764 703 2840 excepto
719 2777 760 2824 eo
774 2757 822 2843 de
835 2756 1002 2837 Avernia,
1018 2759 1060 2823 de
1076 2780 1147 2843 quo

190 2865 247 2922 cst
269 2857 360 2921 inter
382 2876 446 2922 nos
471 2857 658 2936 contentio,
682 2863 717 2921 et
732 2865 881 2939 excepto
897 2857 998 2922 feodo
1015 2858 1057 2924 de
1072 2878 1147 2924 cas·

189 2965 246 3022 tro
270 2943 461 3039 Radnlphl,
478 2962 514 3019 et
530 2956 687 3039 exeeptis
704 2948 861 3021 ³minutis
884 2964 920 3021 et
936 2957 1057 3022 divisis
1081 2965 1147 3023 ter·

189 3076 308 3120 rarum
324 3063 520 3120 nostrarum
535 3053 579 3120 de
594 3054 707 3132 Berri,
721 3054 751 3118 si
765 3054 922 3122 homines
939 3058 1047 3121 nostri
1063 3056 1146 3140 quid

189 3154 271 3221 inde
285 3155 550 3238 interceperant,
563 3155 620 3220 vel
636 3155 727 3218 inter
741 3173 779 3219 se
796 3154 852 3220 vel
874 3154 1040 3220 adversus
1061 3156 1149 3221 alte-

189 3275 268 3320 rum
285 3262 453 3319 nostrum.
504 3253 542 3318 Si
561 3260 678 3318 autem
693 3273 797 3337 snper
812 3251 878 3334 his,
895 3275 974 3339 quac
991 3257 1147 3338 superius

190 3361 340 3437 excepta
356 3363 449 3433 sunt,
469 3371 532 3435 per
551 3353 779 3435 nosmetipsos
798 3355 981 3419 convenire
998 3372 1068 3418 non
1085 3374 1148 3436 po·

191 3453 373 3531 tuerimns,
396 3472 461 3535 ego
489 3450 674 3535 Philippus
698 3471 760 3516 rex
787 3451 945 3518 Franciae
965 3452 1054 3534 elegi
1078 3459 1150 3518 tres

190 3553 374 3635 episcopos
408 3560 443 3617 et
478 3558 548 3615 tres
576 3552 735 3628 baroneS,
765 3543 842 3634 ⁴qui
873 3551 938 3615 hoc
967 3552 1057 3615 inter
1086 3571 1150 3616 nos

189 3651 319 3731 dicent,
335 3659 371 3716 et
386 3671 449 3716 nos
471 3669 589 3715 eorum
608 3649 702 3715 dicto
723 3651 817 3714 bona
836 3649 903 3714 fide
918 3648 1061 3714 firmiter
1077 3657 1150 3714 sta·

190 3751 313 3815 bimus.
364 3752 455 3815 Haec
475 3757 590 3813 autem
614 3748 728 3812 omnia
748 3750 985 3832 suprascripta
1006 3768 1068 3813 nos
1088 3751 1150 3813 ob·

232 3988 378 4054 ¹‘Lueri3'
402 3992 442 4042 M.
460 3996 486 4041 et
508 3989 575 4040 Am
605 3991 660 4040 also
720 3986 849 4052 'Supply
870 3990 1004 4051 ‘leodis3'
1031 3989 1097 4040 Rad.
1123 3989 1155 4040 oi

191 4060 293 4112 Radull'
318 4063 351 4111 de
376 4063 480 4125 Diceto,
503 4062 539 4113 X.
565 4060 659 4124 Script.
686 4059 790 4122 Diceto‚
800 4061 835 4110 X.
846 4061 939 4122 script.
951 4061 1000 4110 col.
1009 4063 1068 4110 614.
1081 4064 1121 4111 11.

191 4131 365 4183 ceumaco.
720 4126 789 4178 ⁴‘et
799 4144 847 4192 ego
861 4129 989 4179 Henricus
999 4145 1045 4180 rex
1055 4131 1153 4192 Angla·

684 4213 740 4248 rum
760 4199 827 4261 elegi
842 4204 893 4248 tres
906 4200 1039 4262 episcopos
1057 4204 1084 4249 et
1099 4204 1151 4249 tres

226 4267 238 4298 ¹
254 4269 263 4298 ‘
275 4273 363 4319 centn
374 4261 390 4333 ;’
401 4271 440 4321 M.
452 4273 477 4321 et
487 4268 535 4324 Ar.
685 4270 801 4332 barones,
813 4268 858 4329 qui
869 4268 926 4320 haee
935 4264 949 4331 ς’
962 4267 1011 4320 Ar.
