3226 5020
608 523 790 572 ιιιιιιιιιιι.
1107 510 1172 574 243

220 683 335 764 ginem
365 682 524 759 traxerit,
555 689 669 746 tamen
700 683 826 746 bonam
858 690 994 746 naturae
1019 682 1169 746 indolem
1182 699 1278 790 me

220 783 402 865 praeceptis
430 782 684 865 Scripturarum
707 801 885 859 exercens,
908 782 1073 865 produxit
1093 783 1169 847 aui·
1280 776 1284 787 ’

220 901 313 946 mum
343 901 557 964 generosum.
610 881 692 960 Qui,
719 885 798 945 cum
823 888 915 946 esset
940 883 1106 964 magister
1133 883 1169 945 in

220 982 365 1059 artibus,
390 1002 494 1064 super
518 980 642 1046 librum
672 980 907 1046 Posteriorum
930 981 1170 1064 compendiose

220 1083 367 1165 scripsit.
420 1082 607 1146 Tractatus
623 1080 728 1145 etiam
748 1082 790 1146 de
812 1081 956 1165 Sphaera
973 1081 1065 1146 etde
1082 1080 1170 1147 Arte

220 1181 383 1264 compoti,
400 1181 578 1264 multaque
595 1180 664 1245 alia
682 1181 718 1246 in
737 1180 955 1264 philosophia
972 1181 1083 1258 utilia,
1101 1181 1168 1245 edi·

220 1281 281 1344 dit.
343 1281 477 1346 Doctor
507 1281 590 1345 uero
623 1281 658 1344 in
691 1280 817 1363 triplici
848 1281 969 1363 lingua
1002 1281 1169 1358 eruditus,

192 1405 208 1422 =
223 1379 360 1458 Latina,
391 1380 556 1458 Hebraea,
589 1389 625 1445 et
657 1379 791 1454 Graeca,
830 1381 940 1445 multa
970 1381 1015 1444 de
1044 1381 1169 1462 glossis

221 1479 450 1545 Hebraeorum
472 1479 640 1556 extraxit,
662 1487 697 1544 et
719 1479 761 1544 de
777 1478 903 1544 Graeco
923 1481 1034 1544 multa
1055 1488 1168 1545 trans-

220 1580 301 1644 ferri
316 1580 407 1656 sccit
423 1588 463 1646 ut
478 1587 565 1662 puta
578 1580 839 1644 Testamentum
856 1579 1035 1644 duodecim
1054 1579 1170 1644 Patri·

221 1680 402 1744 archarum
441 1687 476 1744 et
502 1680 614 1744 libros
655 1679 826 1762 Dionysii,
863 1698 1008 1762 quorum
1043 1697 1169 1744 novam

221 1780 482 1844 translationem
507 1778 681 1863 perlucide
704 1779 960 1844 commentavit.
1007 1780 1079 1844 Hic
1103 1779 1169 1846 ira

221 1886 292 1943 tres
307 1880 450 1957 ordinis,
473 1886 544 1954 tam
566 1878 837 1944 Praedicatomm
858 1898 961 1961 quam
983 1880 1169 1956 Minorum,

221 1979 355 2045 sincera
378 1981 523 2044 caritate
542 1979 764 2062 amplectens,
786 1997 845 2044 eos
867 1978 987 2045 habuit
1010 1981 1171 2044 continue

224 2079 261 2142 iu
283 2079 446 2145 comitiva
466 2097 542 2156 sua,
564 2079 706 2143 delicias
728 2085 932 2160 computans
954 2099 1031 2143 cum
1055 2080 1104 2144 eis
1128 2080 1171 2144 de

221 2178 408 2262 Scripturis
432 2178 597 2244 conferre.
632 2169 730 2242 'Prae
755 2179 879 2242 ceteris
902 2179 1006 2244 etiam
1026 2179 1288 2244 familia-mmo

217 2297 293 2342 ,rem
313 2278 434 2344 nabun
455 2279 596 2343 fratrem
618 2272 745 2343 mrem
768 2278 812 2342 ee
835 2278 987 2343 narseo
1008 2247 1281 2343 menni-”m

222 2377 313 2442 ensis
340 2379 509 2454 dioecesis,
533 2378 662 2443 ordinis
685 2378 870 2455 Minorum,
894 2378 930 2442 in
952 2398 1053 2443 sacra
1073 2378 1171 2443 theo-

222 2477 316 2559 logia
340 2477 515 2543 doctorem
538 2478 701 2542 eximium
730 2484 764 2542 et
785 2478 975 2558 famosum
1001 2480 1046 2542 ob
1070 2478 1169 2561 cujus

222 2577 437 2643 affectionem
454 2577 560 2642 libros
577 2597 660 2642 suos
676 2595 795 2641 omnes
816 2578 1001 2642 conventui
1025 2577 1169 2642 fratrum

223 2676 397 2742 Minorum
413 2677 562 2742 Oxoniae
583 2677 620 2741 in
639 2684 847 2742 testamento
867 2671 1023 2758 legavit.²
1075 2677 1169 2742 Huic

221 2775 320 2841 fratri
349 2775 462 2842 Adam
492 2777 692 2841 Bonifacius
717 2775 977 2841 cantuariensis
1003 2777 1169 2860 archiepi-

221 2894 360 2959 scopus,
377 2883 543 2959 quassato
561 2877 691 2941 Eliensi
708 2875 830 2954 electo,
846 2875 998 2961 ejusdem
1016 2876 1169 2941 ecclesiae

222 2976 370 3040 contulit
388 2977 634 3059 praesulatum:
658 2975 718 3040 sed
733 2977 965 3059 appellatione
978 2977 1021 3041 ad
1038 2976 1167 3042 curiam

223 3075 417 3140 Romanam
439 3069 671 3159 ³interposita,
692 3075 823 3140 electus
843 3077 1081 3160 episcopatum
1108 3076 1169 3140 ob-

206 3175 339 3253 tinuit,
369 3183 404 3240 et
433 3176 710 3259 archiepiscopus
740 3176 790 3238 sic
814 3176 1011 3240 conferendi
1038 3176 1169 3258 episco-

221 3286 325 3356 patus
339 3275 488 3358 perdidit
502 3283 720 3358 potestatem.
777 3355 781 3362 ι
805 3301 808 3305 ·

243 3489 269 3524 1).
281 3490 307 3527 ll.
317 3490 338 3527 J.
350 3489 374 3525 0.
462 3490 485 3527 Ρ.
497 3477 660 3525 Romanorulm
673 3490 699 3526 R.
806 3489 959 3526 FRANGOBUM
1009 3491 1148 3528 edomitum

399 3576 545 3612 rruoceuuu
556 3575 590 3612 ιν.
613 3575 740 3612 ιιιιιειιιι
752 3576 770 3613 ι.
805 3576 918 3612 nouovrcr
930 3577 965 3614 rx.
1003 3577 1104 3614 eruerer
1117 3578 1156 3614 ιιι.

862 3637 903 3682 28.
1061 3638 1101 3684 ³8.

276 3778 474 3846 Herculeus
505 3795 567 3840 rex
592 3774 732 3858 Angliae
759 3794 836 3839 cum
862 3776 981 3857 regina
1006 3775 1172 3842 Alienora
1185 3794 1281 3840 mune,
1296 3793 1332 3832 ne

1184 3843 1254 3893 king's
1267 3844 1333 3882 eldest

222 3879 257 3941 in
292 3877 503 3943 Vasconiam
543 3875 782 3952 transfretans,
821 3874 1028 3939 Edwardum
1064 3876 1172 3940 filium
1185 3894 1329 3985 ffigffle.

1185 3995 1269 4036 curtile.

258 4065 266 4097 ¹
285 4068 334 4116 For
349 4066 389 4115 his
403 4067 488 4115 works
504 4079 547 4115 see
562 4065 683 4127 Wadiug‚
709 4065 754 4125 ing
762 4064 832 4112 these
845 4063 920 4112 MSS.
930 4065 956 4111 in
966 4063 1008 4112 tlre
1020 4064 1172 4113 Franciscan

223 4139 280 4189 Cat.
289 4137 380 4197 Script.
388 4135 453 4186 Ord.
461 4135 526 4185 Min.
535 4135 577 4184 ed.
586 4135 684 4196 Romae,
710 4139 816 4182 convent
826 4139 853 4182 at
864 4132 972 4193 Oxiord,
983 4149 1026 4182 see
1045 4133 1084 4184 his
1099 4133 1172 4183 Com-

223 4213 297 4268 18⁰⁶,
308 4208 388 4256 under
399 4205 441 4254 the
452 4205 524 4254 word
534 4205 543 4233 ‘
551 4199 653 4255 Adam?
709 4204 826 4252 mauturii
840 4203 872 4252 de
887 4203 979 4264 Seript.
997 4204 1072 4265 Brit,
1089 4199 1173 4252 Hall’s

258 4275 269 4306 ²
283 4277 334 4326 For
346 4271 463 4325 Leland's
474 4276 591 4337 amusing
602 4274 683 4323 wrath
711 4274 752 4322 ed.
764 4289 790 4334 p.
800 4277 858 4322 286,

223 4348 272 4397 aud
291 4348 505 4408 disappointment
522 4347 548 4394 in
563 4349 605 4394 uot
622 4343 684 4392 find·
746 4340 855 4392 ”iacta
866 4338 1038 4405 interposita;’
1051 4342 1172 4392 Metdr.

991 4435 1033 4477 rr‘l
