3170 5020
429 459 495 526 368
792 475 864 525 uro.
883 475 1031 524 rnrvsrr

269 653 413 704 nasoon·
431 652 610 697 rancorem
633 638 788 697 nostrum
814 641 851 698 et
875 633 1002 698 malam
1024 632 1254 710 voluntatem,
1280 651 1384 714 quam

268 707 352 752 huone,
361 705 405 744 and

268 756 306 795 the
314 755 386 794 condi·

269 806 326 845 tlon·
335 806 386 854 they

270 856 369 896 demand.

273 2154 319 2194 'l'he
328 2153 381 2203 king

272 2206 332 2254 gives
339 2205 374 2244 hb

273 2259 346 2294 went
355 2258 378 2293 to

273 2305 330 2345 thelr
338 2315 369 2344 rs·

274 2358 415 2396 mumma·

278 2951 418 3002 Ptoceedinge

276 3004 300 3043 ln
309 3002 415 3044 Scotlrnd.

431 754 477 798 ex
503 733 618 797 causis
645 732 820 816 praedictis
843 751 1009 816 argaeos
1034 733 1239 809 habuimus;
1270 740 1382 796 trans·

433 832 707 916 gressionosqne,
737 833 768 896 si
796 852 883 915 quas
916 833 1015 897 nobis
1048 832 1105 897 vel
1134 832 1262 896 nostris
1293 833 1384 895 fece-

432 933 515 1010 rint,
529 950 638 1015 usque
652 933 696 996 ad
713 940 919 1015 praesentem
935 932 1064 997 chamae
1082 933 1342 997 confectionem.

484 1032 558 1096 ‘Et
587 1032 631 1096 ad
657 1033 821 1117 majorem
851 1032 956 1117 hujus
987 1032 1037 1096 rei
1064 1033 1297 1107 securitatem,
1321 1050 1384 1094 vo·

433 1131 547 1198 lumus
581 1139 617 1198 et
646 1131 866 1197 concedimus
901 1151 964 1215 pro
1002 1133 1102 1196 nobis
1134 1140 1170 1196 at
1199 1131 1383 1196 heredibus

433 1233 574 1310 nostris,
609 1232 700 1315 quod
736 1251 854 1296 omnes
886 1231 1136 1316 archiepiscopi
1167 1238 1203 1295 et
1230 1230 1383 1314 episcopi

434 1330 573 1414 Angliee
612 1332 648 1396 in
687 1338 903 1415 perpetuum,
941 1333 977 1394 in
1016 1333 1088 1396 suis
1127 1330 1382 1395 cathedralibus

434 1431 589 1496 ecclesiis
619 1430 740 1495 habita
770 1439 941 1514 praesente
973 1431 1095 1497 charta
1123 1437 1159 1494 et
1186 1430 1289 1507 lecta,
1321 1449 1383 1494 ex-

434 1531 688 1596 communicent
714 1532 850 1614 publice
881 1540 916 1594 et
937 1531 972 1594 in
1004 1525 1150 1614 singulis
1179 1528 1383 1613 parochiali·

434 1631 500 1696 bus
528 1631 682 1695 ecclesiis
714 1650 853 1696 suarum
881 1629 1069 1694 diocesium
1097 1629 1385 1694 excommunicari

435 1729 576 1808 saciant,
601 1750 662 1794 seu
688 1731 1005 1795 excommunicatos
1027 1729 1239 1807 denunciari,
1257 1723 1326 1793 ¹bis
1348 1729 1382 1792 in

435 1848 540 1908 anno,
557 1849 676 1894 omnes
699 1831 759 1912 qui
781 1837 902 1894 contra
919 1837 1072 1894 tenorem
1089 1830 1270 1914 praesentis
1288 1829 1387 1894 char·
1404 1903 1406 1908 Ι

436 1936 481 1993 tae
496 1929 565 1991 vim
579 1936 614 1993 et
631 1927 787 1993 effectum
805 1929 840 1992 in
857 1929 1061 2012 quocunque
1077 1930 1224 1994 articulo
1238 1930 1385 1993 scienter

435 2028 676 2107 fecerintfaut
703 2029 777 2092 fieri
802 2030 1075 2111 procuraverint,
1097 2049 1237 2112 quoque
1262 2023 1383 2093 modo?

437 2127 558 2193 Missis
575 2129 625 2194 sic
640 2129 676 2192 in
700 2129 900 2193 Flandriam
922 2129 1051 2194 nuntiis
1069 2129 1112 2193 ad
1126 2129 1240 2212 ipsum
1257 2147 1385 2210 regem,

435 2229 730 2294 confirmationem
745 2229 895 2294 omnium
906 2229 1053 2294 istorum
1068 2249 1130 2313 per
1147 2229 1301 2293 chartam
1320 2229 1384 2292 sub

436 2329 553 2412 sigillo
577 2349 653 2404 suo,
680 2337 846 2412 tanquam
876 2330 919 2392 ab
946 2350 987 2396 eo
1010 2330 1127 2412 quiin
1151 2336 1229 2393 arto
1250 2329 1383 2412 positus

436 2437 524 2507 orat,
546 2436 581 2494 et
609 2428 797 2493 cedendum
831 2428 972 2495 malitiae
996 2421 1207 2511 ²temp0rum
1241 2427 1385 2505 censuit,

434 2529 669 2595 obtinuerunt.

487 2629 558 2694 Pro
597 2628 856 2696 confirmatione
904 2629 1025 2694 harum
1067 2648 1181 2694 rarum
1219 2628 1388 2693 dederunt

437 2731 513 2811 regi
540 2729 689 2813 populus
717 2729 895 2794 denarium
925 2750 1065 2808 nonum,
1092 2729 1204 2794 clerus
1231 2729 1385 2793 Cantua·

437 2829 560 2894 riensis
577 2829 758 2907 decimum,
782 2838 818 2893 et
840 2830 952 2893 clerus
970 2829 1197 2894 Eboracensis
1215 2830 1385 2912 quintum,

439 2929 522 3011 quia
560 2921 719 3010 ³propior
750 2928 876 2993 damno
910 2937 996 2994 erat.
1065 2929 1250 2995 Mandavit
1284 2930 1388 2993 etiam

440 3047 503 3091 rex
532 3028 715 3092 comitibus
744 3037 779 3094 et
811 3031 1032 3112 magnatibus
1062 3038 1177 3106 terrae,
1212 3029 1304 3112 quod
1333 3048 1387 3093 co·

439 3127 515 3192 miti
542 3127 585 3191 de
610 3125 788 3193 Warenna
810 3129 945 3193 custodi
968 3129 1095 3194 Scotiae
1120 3129 1320 3194 assisterent
1344 3129 1386 3192 ad

440 3227 733 3311 comprimendum
760 3228 964 3294 rebelliones
990 3228 1185 3306 Scotorum,
1208 3229 1390 3312 praefigens

440 3328 491 3391 eis
517 3329 699 3391 terminum
726 3337 868 3394 octavas
894 3328 930 3392 S.
955 3329 1096 3407 Hilarii,
1122 3330 1250 3412 inquo
1276 3328 1389 3412 parati

440 3428 554 3492 forent
582 3427 730 3492 Eboraci
758 3435 881 3492 contra
910 3428 1028 3492 hostes
1059 3429 1202 3493 ulterius
1230 3447 1390 3510 progres-

441 3528 536 3604 suri;
568 3527 611 3590 ad
636 3547 736 3609 quem
760 3527 850 3592 diem
879 3535 914 3592 et
941 3527 1055 3593 locum
1082 3528 1260 3592 mandavit
1281 3529 1390 3612 majo-

442 3627 536 3690 ribus
566 3626 692 3690 Scotiae
717 3635 757 3692 ut
782 3627 951 3706 venirent,
984 3628 1136 3711 alioquin
1163 3628 1280 3692 hostes
1306 3628 1392 3709 pub-

440 3726 499 3792 lici
520 3725 738 3792 haberentur.
785 3725 878 3793 Ante
895 3727 1024 3792 Natale
1042 3728 1218 3793 Robertus
1240 3727 1283 3791 de
1306 3726 1391 3792 clif-

440 3825 529 3903 ford,
559 3827 657 3891 miles
687 3827 844 3905 illustris,
869 3848 945 3891 cum
977 3837 1113 3892 centum
1147 3826 1301 3904 armatis,
1333 3827 1392 3908 qui

441 3934 541 3990 erant
561 3927 597 3990 in
621 3928 781 4010 praesidio
805 3928 956 3993 civitatis
979 3926 1141 4004 Garleoli,
1167 3926 1319 3990 Scotiam
1342 3927 1391 3988 in·

441 4046 593 4108 gressus,
612 4027 724 4091 caedes
743 4035 779 4091 et
800 4027 958 4091 incendia
978 4026 1146 4104 exercuit,
1169 4035 1205 4091 et
1221 4020 1395 4091 4abducta

476 4213 486 4250 ¹
500 4217 559 4266 ‘bis
569 4232 634 4266 anno
643 4214 661 4277 ς’
673 4216 741 4268 D'A.
963 4216 975 4249 ⁸
991 4218 1123 4280 ‘proprior
1133 4213 1154 4277 ς’
1170 4218 1253 4269 MSS.

475 4283 486 4314 ¹
502 4284 698 4348 ‘temporibus3'
715 4287 797 4337 MSS.
964 4285 974 4316 ⁴
990 4285 1152 4350 ‘adducta3'
1164 4289 1203 4338 Μ.
1216 4292 1241 4338 et
1253 4287 1301 4339 Ar.
