3226 5020
618 495 814 550 urcitanus.v
1118 481 1184 550 321

186 641 190 648 ’
229 660 379 717 nuerunt
404 654 521 718 statim
546 655 650 738 regiae
677 655 850 738 petitioni,
882 653 1048 719 confectis
1078 673 1183 736 super

230 751 294 816 hoc
316 753 441 817 litteris
467 762 502 818 et
524 757 568 819 ab
588 755 716 820 eisdem
743 756 904 838 signatis,
924 753 1180 820 continentibus
1216 815 1217 820 ,

229 853 264 915 in
285 851 421 917 Gallico
437 853 529 918 hunc
546 862 697 921 tenorem
712 875 720 920 ε
735 849 742 886 ¹

278 952 474 1017 ‘Omnibus
503 962 691 1036 praesentes
721 954 857 1019 litteras
880 954 1006 1020 visuris
1031 954 1087 1018 vel
1114 975 1175 1020 au·
1192 967 1294 1018 Rernof

1190 1020 1228 1058 the
1237 1019 1319 1060 seorim

228 1051 365 1130 dituriS,
397 1053 593 1118 Florentius
620 1074 734 1119 comes
769 1054 968 1132 Holandiae,
1002 1054 1273 1158 Robertusbnqttq¹

227 1152 270 1215 de
296 1152 388 1217 Brus
416 1153 575 1218 dominus
598 1154 713 1219 Vallis
739 1154 922 1231 Anandiae,
950 1153 1106 1221 Joannes
1134 1130 1318 1220 deginrtifnn

228 1251 377 1317 Balliolo
406 1253 564 1317 dominus
594 1253 790 1332 Galwidiae‚
822 1253 978 1319 Joannes
1006 1254 1048 1318 de
1081 1253 1176 1318 Has·
1190 1219 1288 1310 fflrffi

227 1351 341 1433 tinges
371 1353 529 1418 dominus
557 1352 846 1436 Abergavenniae,
873 1355 1030 1418 ‚Ioannes
1054 1353 1176 1419 Comin

225 1450 384 1524 dominns
400 1453 443 1518 de
461 1454 640 1531 Badenau,
654 1453 828 1518 Patricius
843 1454 885 1518 de
903 1454 1050 1518 Dunbar
1062 1474 1176 1519 comes

228 1550 407 1630 Marchiae,
429 1552 584 1620 Joannes
608 1553 651 1617 de
666 1553 772 1618 Vesci
796 1555 870 1618 vice
896 1554 1005 1636 patris
1025 1555 1091 1631 sui,
1110 1554 1176 1618 Ni·

226 1651 344 1715 colaus
370 1652 412 1716 de
442 1653 555 1730 Suies,
579 1653 776 1718 Wilielmns
799 1654 841 1718 de
860 1653 947 1730 Ros
970 1654 1118 1718 salutem
1140 1655 1176 1721 in

227 1750 387 1817 Domino.
439 1752 530 1831 Quia
552 1753 594 1817 de
624 1755 716 1818 bona
741 1754 920 1818 voluntate
945 1761 980 1817 et
1002 1756 1174 1818 communi

227 1868 382 1928 assensn,
400 1853 474 1916 sine
500 1854 593 1918 omni
607 1847 814 1932 ²coactione,
837 1854 1022 1918 annuimus
1039 1860 1074 1918 et
1089 1874 1173 1918 con·

226 1952 392 2015 cessimus
409 1953 515 2018 nobili
532 1954 678 2036 principi
695 1954 833 2018 domino
851 1953 1037 2030 Eduardo,
1059 1955 1174 2034 gratia

227 2050 297 2114 Dru
323 2053 396 2134 regi
421 2051 573 2134 Angliee‚
600 2052 692 2135 qnod
714 2054 789 2136 ipse
816 2061 995 2136 tamquam
1017 2054 1175 2135 superior

225 2150 384 2214 dominus
402 2160 501 2216 terrae
522 2153 648 2218 Scotiae
672 2154 782 2235 possit
805 2153 936 2229 audire,
963 2153 1174 2230 examinare,

225 2257 260 2313 et
290 2250 433 2316 diffinire
464 2253 722 2317 vendicationes
751 2260 887 2316 nostras
913 2259 948 2316 et
977 2253 1173 2335 petitiones,
1218 2297 1223 2306 ·

225 2369 312 2432 quas
335 2350 546 2416 intendimus
573 2353 755 2417 ostendere
778 2359 813 2416 et
841 2352 987 2434 probare
1012 2372 1075 2434 pro
1093 2352 1173 2435 jure

224 2457 343 2515 nostro
370 2452 564 2535 recipiendo
590 2471 706 2518 coram
730 2471 783 2529 eo,
810 2460 974 2536 tanquam
1004 2453 1173 2535 superiori

223 2549 361 2615 domino
384 2559 508 2632 terrae;
541 2553 783 2636 promittentes
813 2552 954 2635 insuper
984 2551 1075 2634 quod
1101 2551 1172 2626 ¹fac·

224 2655 295 2712 tum
312 2671 411 2715 sunm
436 2652 637 2717 habebimus
665 2653 798 2716 firmum
818 2662 853 2717 et
868 2652 1003 2729 stabile,
1028 2658 1063 2717 et
1080 2652 1171 2734 quod

223 2749 281 2812 ille
313 2753 481 2821 obtinebit
508 2771 653 2834 regnum
679 2752 819 2829 Sentice,
843 2752 904 2837 jus
930 2752 1030 2836 cujus
1055 2753 1172 2835 potius

223 2848 454 2916 declarabitur
467 2872 582 2917 coram
600 2873 652 2917 eo.
706 2851 794 2915 Cum
819 2860 934 2916 antem
959 2872 1028 2917 non
1054 2860 1173 2935 posset

222 2949 388 3030 praefatus
420 2973 481 3019 rex
519 2952 659 3034 Angliac
691 2939 768 3016 isto
807 2953 909 3017 modo
940 2953 1171 3034 cognitionem

223 3049 335 3114 facere
362 3071 425 3119 nec
451 3052 624 3135 complere
647 3051 720 3116 sine
742 3050 887 3136 judicio,
910 3071 973 3117 nec
999 3051 1171 3135 judicium

222 3148 346 3214 debeat
363 3171 438 3214 esse
461 3153 534 3218 sine
559 3152 793 3229 exsecutione,
820 3171 883 3220 nec
912 3153 1169 3215 exsecutionem

221 3250 332 3330 possit
365 3250 481 3314 debito
511 3251 613 3315 modo
648 3252 761 3316 facere
790 3251 864 3316 sine
892 3251 1108 3333 possessione
1135 3259 1170 3317 et

221 3348 348 3413 seisina
378 3349 532 3433 ejusdem
554 3357 655 3419 terrae
679 3358 714 3415 et
730 3357 922 3414 castrorum
943 3349 1031 3433 ejus
1055 3342 1170 3414 ³volu÷

221 3467 296 3511 mus
323 3457 359 3516 et
382 3451 565 3518 annuimus
593 3457 628 3515 et
650 3451 868 3515 concedimus
886 3449 977 3533 quod
996 3450 1071 3531 ipse
1095 3457 1169 3518 tan·

220 3566 323 3629 quam
359 3550 518 3613 dominns
547 3551 704 3634 superior
735 3551 779 3654 qd
809 3550 1053 3633 perficiendum
1082 3568 1171 3632 pree.

219 3646 313 3712 dicta
340 3647 467 3715 habeat
498 3649 659 3719 seisinam
701 3651 809 3714 totins
845 3656 946 3716 terrae
979 3648 1106 3712 Scotiae
1135 3657 1170 3713 et

219 3755 410 3812 castrorum
436 3750 523 3834 ejus,
549 3769 729 3833 quousque
742 3750 801 3834 jus
826 3750 863 3812 in
878 3768 1022 3830 regnum
1049 3756 1168 3831 peten-
1250 3808 1252 3812 .

220 3847 312 3911 tibus
339 3848 442 3913 fuerit
470 3848 710 3929 satisfactum
737 3850 788 3912 ita
813 3855 929 3914 tamen
955 3847 1049 3929 quod
1075 3857 1171 3915 ante,

218 3965 322 4027 qnam
356 3949 482 4013 babeat
516 3949 691 4026 seisinarn,
724 3950 848 4013 bonam
880 3955 914 4014 et
944 3946 1168 4014 sufficientem

254 4153 261 4185 ¹
279 4156 332 4205 'Ibe
343 4158 451 4220 original
462 4173 519 4220 may
532 4160 564 4207 be
581 4158 678 4208 sesnin
740 4155 751 4187 ⁸
768 4159 821 4206 The
833 4163 949 4208 sentence
965 4157 1028 4207 from
1038 4158 1088 4207 this
1099 4159 1169 4208 word

218 4225 312 4276 Dunst.
324 4242 350 4287 p.
363 4230 420 4289 596,
432 4229 483 4276 and
499 4227 576 4277 Hem.
593 4243 619 4290 p.
632 4231 671 4276 ³5.
706 4231 731 4275 to
743 4229 906 4291 ‘quousqne,’
917 4243 934 4278 a
944 4228 995 4277 few
1005 4229 1070 4277 lines
1078 4229 1170 4289 below,

252 4293 262 4323 ²
276 4297 490 4347 ‘contradictione
500 4293 514 4359 ;’
527 4293 594 4348 D'A.
707 4298 729 4346 is
741 4300 844 4347 omitted
855 4300 889 4359 by
900 4297 969 4347 D'A.

997 4390 1019 4434 Y
