3170 5020
582 493 770 561 susanna
1083 475 1147 542 361

195 650 333 715 diversa
351 651 508 734 tallagia‚
529 652 673 730 auxilia,
693 653 804 736 prisas
827 649 987 716 videlicet
1006 651 1048 716 de
1068 670 1147 715 ave·
1160 665 1294 757 feeffinopr

196 751 263 828 nis,
289 751 480 829 frumentis,
506 753 639 830 braseo,
666 753 769 830 lanis,
791 752 905 829 coriis,
925 751 1048 830 bobuS,
1068 768 1289 818 vae-ariorum·

195 852 256 928 cis,
282 852 443 916 carnibus
473 853 586 928 salsis,
618 853 692 916 siue
714 854 885 917 solutione
911 851 1058 936 alicujus
1088 852 1147 916 de·

196 951 294 1026 narii,
313 952 355 1015 de
371 953 496 1034 quibus
510 951 700 1016 debuerant
716 972 752 1016 se
770 959 995 1016 sustentasse.

240 1051 402 1116 ‘Praeter
430 1045 512 1116 ¹hoc
545 1052 676 1130 dicunt,
710 1052 803 1136 quod
837 1052 1007 1116 auxilium
1035 1052 1147 1118 facere

196 1170 264 1214 non
291 1158 439 1235 possunt
464 1158 605 1235 propter
631 1159 883 1236 paupertatem,
905 1152 941 1215 in
971 1171 1041 1234 qua
1067 1160 1148 1217 sunt

197 1259 338 1333 propter
368 1252 512 1334 tallagia
538 1259 573 1316 et
596 1253 707 1334 prisas
737 1252 953 1330 antedictas;
981 1253 1064 1335 quia
1087 1251 1148 1317 vix

196 1350 325 1416 habent
354 1350 446 1415 unde
478 1370 515 1415 se
538 1345 764 1429 ²sustentent,
790 1359 825 1416 et
856 1352 956 1415 multi
983 1359 1064 1416 sunt
1089 1352 1149 1435 qui

197 1450 327 1515 nullam
355 1452 642 1516 sustentationem
673 1451 814 1529 habent,
843 1471 906 1514 nec
932 1459 1043 1516 terras
1067 1471 1148 1516 suas

163 1595 165 1600 ·
197 1551 309 1615 colere
327 1559 483 1633 possunt.

248 1651 413 1714 ‘Praeter
439 1651 525 1728 haec,
551 1658 627 1716 tota
654 1651 882 1716 communitas
913 1659 1014 1716 terrae
1045 1651 1151 1715 sentit

197 1751 361 1815 sevaldo
392 1757 587 1834 gravatam
618 1753 700 1834 quia
731 1773 800 1817 non
829 1757 999 1816 tractatur
1030 1771 1150 1815 secuu-

198 1850 280 1914 dum
313 1851 409 1932 leges
440 1859 475 1916 et
515 1853 781 1917 consuetudines
816 1859 929 1929 terrae,
963 1853 1149 1916 secundum

198 1970 285 2033 quas
309 1953 452 2016 tractari
476 1959 711 2016 antecessores
735 1953 789 2017 sui
811 1953 983 2029 solebant„
1001 1971 1064 2015 nec
1090 1953 1150 2015 ha-

199 2051 280 2114 bent
301 2050 479 2116 libertates
502 2071 590 2134 quas
610 2052 769 2117 solebant
790 2051 927 2129 habere,
946 2051 1005 2115 sed
1029 2052 1150 2115 volun·

199 2151 285 2214 taric
303 2150 543 2214 excluduntur.

248 2249 440 2314 ‘Sentiunt
470 2269 507 2314 se
538 2250 642 2314 etiam
674 2249 820 2314 multum
851 2257 1016 2332 gravatos
1047 2270 1151 2333 super

114 2430 116 2435 Ι
199 2349 276 2426 hoc,
297 2349 389 2431 quod
415 2349 573 2414 solebant
601 2349 744 2414 tractari
767 2350 957 2414 secuudum
986 2350 1150 2414 articulos

198 2456 378 2513 contentos
392 2450 428 2512 in
445 2449 579 2532 Magna
594 2449 737 2526 Charta,
757 2449 858 2534 cujus
874 2450 1011 2513 articuli
1033 2469 1151 2514 omues

199 2556 280 2613 sunt
311 2550 427 2613 omissi
458 2549 495 2613 in
526 2549 640 2634 majus
664 2550 827 2614 damnum
855 2549 986 2633 populi.
1039 2549 1150 2632 Prop-

201 2655 255 2712 ter
275 2648 368 2731 quod
384 2656 511 2731 rogant
531 2649 707 2714 dominum
730 2657 886 2713 nostrum
907 2669 1034 2732 regem,
1060 2649 1152 2732 quod

199 2749 283 2812 velit
305 2750 374 2813 ista
399 2749 571 2831 corrigere
597 2749 641 2814 ad
669 2750 832 2814 honorem
855 2768 956 2812 suum
979 2756 1015 2813 et
1037 2749 1153 2814 salva·

201 2849 328 2912 tionem
347 2849 466 2933 populi
488 2851 552 2913 sui.

250 2948 414 3012 ‘Praeter
436 2949 522 3026 haec,
545 2949 774 3014 communitas
799 2956 900 3014 terrae
926 2949 1032 3015 sentit
1050 2949 1152 3014 nimis

200 3069 237 3113 se
270 3057 451 3130 gravatam
486 3049 528 3113 de
562 3051 674 3113 assisa
704 3049 856 3125 forestae,
890 3070 968 3132 quae
1002 3069 1070 3113 non
1100 3057 1154 3114 est

202 3148 375 3213 custodita
407 3149 497 3214 sicut
524 3149 715 3226 consuevit,
742 3169 804 3213 nec
835 3148 966 3226 Charta
998 3149 1152 3213 Forestae

201 3249 415 3324 observatur,
450 3249 511 3312 sed
541 3250 628 3313 fiunt
659 3248 931 3312 attachiameuta
957 3268 1019 3332 pro
1049 3249 1152 3313 libitu

202 3354 302 3412 extra
319 3349 463 3411 assisam
483 3349 584 3414 aliter
601 3368 705 3432 quam
722 3348 796 3412 fieri
812 3342 1000 3412 ³solebant.

253 3447 456 3512 ‘Praeterea
480 3455 556 3513 tota
585 3449 812 3513 communitas
839 3449 944 3512 sentit
967 3467 1004 3512 se
1026 3466 1152 3530 grava·
1208 3500 1212 3506 .

203 3557 274 3610 tam
288 3541 349 3612 4de
373 3548 535 3630 vectigali
562 3549 731 3624 lanarum,
757 3547 848 3630 quod
869 3549 970 3612 nimis
993 3555 1046 3612 est
1074 3568 1153 3612 one-

202 3667 341 3728 rosum3
369 3647 529 3713 videlicet
556 3649 598 3712 de
622 3649 776 3731 quolibet
798 3667 898 3712 sacco
922 3647 1153 3731 quadraginta

201 3747 342 3825 solidos,
376 3754 411 3811 et
446 3747 488 3812 de
523 3748 605 3812 lana
644 3748 756 3812 fracta
787 3748 829 3812 de
862 3747 1016 3829 quolibet
1050 3767 1152 3812 sacco

200 3857 330 3930 septem
365 3867 512 3912 mareas.
584 3848 682 3912 Lana
710 3849 800 3911 enim
830 3845 967 3930 Angliee
999 3847 1153 3912 ascendit

237 4067 243 4098 ¹
261 4070 334 4120 ‘lraec
343 4069 363 4131 3’
373 4068 421 4120 Ar.
725 4067 736 4098 ³
750 4069 894 4132 ‘solebat3’
905 4069 964 4122 Aa:
976 4071 985 4099 ⁴
996 4074 1127 4122 consuevit
1135 4069 1153 4134 ς’

235 4208 246 4236 ²
260 4205 437 4270 ‘sustineant;’
452 4209 497 4264 Ar.
690 4140 1155 4329 Zilelffngaltoltdelaynes3'01ig.,

719 4295 767 4330 em.
831 4316 837 4330 .
