3170 5020
451 457 517 524 370
816 475 888 522 nro.
904 475 1052 522 rnrvurr

455 653 555 717 reges
576 636 715 719 utrique
744 637 884 700 nuntios
909 635 1080 699 solemnes
1108 653 1188 699 cum
1214 635 1318 717 plena
1343 654 1407 718 po·

456 742 583 800 testate
604 734 648 798 ad
679 735 876 800 Romanam
904 736 1047 811 curiam,
1073 741 1113 797 ut
1135 754 1197 817 per
1226 735 1407 799 mediatio-

457 853 536 898 nem
564 836 758 917 apostolici,
782 856 851 900 non
878 843 1044 918 tanquam
1068 835 1208 917 judicis,
1231 835 1291 898 sed
1320 835 1408 899 ami-

457 936 577 999 cabilis
592 936 845 1017 compositoris,
863 936 1027 998 discussis
1046 935 1207 1016 negotiis
1230 953 1302 1017 pax
1317 935 1411 998 inter

457 1055 557 1116 reges
574 1041 609 1098 et
626 1036 810 1099 concordia
826 1029 1078 1099 ¹reformentur.

294 1145 421 1187 sedeone
509 1135 685 1198 Suscitata
704 1142 757 1199 est
780 1142 860 1217 post
882 1135 957 1198 haec
979 1134 1070 1218 apud
1091 1133 1299 1198 Gandavum
1319 1134 1410 1198 sedi-

295 1199 367 1237 Gheut
375 1197 400 1237 ol
405 1197 442 1236 the

295 1247 392 1288 Flemus
458 1235 508 1299 tio
534 1254 595 1317 per
618 1234 707 1298 filios
733 1235 868 1299 comitis
893 1234 1066 1298 Flandriae
1089 1241 1124 1298 et
1152 1234 1300 1297 villanos
1329 1254 1409 1298 con-

295 1297 425 1398 fflffifh‘
459 1341 514 1398 tra
536 1332 726 1415 Anglicos3
752 1329 915 1416 ²qu0rum
945 1335 1029 1398 villa
1050 1353 1113 1416 pcr
1134 1332 1330 1397 Wallenscs
1354 1335 1410 1397 in-

459 1453 564 1498 censa
590 1434 724 1511 fuisset,
747 1435 813 1499 uisi
841 1453 904 1498 rex
930 1440 1130 1498 accurrente
1167 1433 1211 1496 ad
1246 1453 1324 1497 eum
1349 1454 1409 1497 co-

296 1545 434 1636 mig?
460 1534 542 1598 mite
578 1535 745 1616 impetum
785 1534 993 1616 impedisset.
1068 1533 1192 1598 Comes
1221 1533 1410 1598 Warennae

428 1625 433 1635 ’
459 1640 577 1697 custos
602 1634 729 1698 Scotiae
755 1653 797 1698 ac
818 1635 961 1698 comites
986 1633 1058 1710 alii,
1079 1633 1186 1716 juxta
1207 1633 1410 1696 mandatum

458 1734 592 1813 regium
624 1734 819 1797 Eboracum
849 1734 1104 1809 couvenientes,
1138 1733 1174 1796 in
1204 1733 1336 1797 octavis
1370 1732 1409 1797 S.

460 1832 600 1910 Hilarii,
624 1833 800 1915 publicata
827 1834 1084 1897 confirmatione
1108 1832 1304 1896 chartarum
1329 1834 1412 1897 arti-

458 1932 682 2015 culorumque
725 1932 951 2016 adjectorum,
988 1952 1108 1997 versus
1143 1932 1295 1996 Scotiam
1329 1952 1411 2015 pro·

458 2041 646 2097 cesserunt.
713 2031 869 2115 Majores
903 2032 1083 2098 Scotorum
1113 2032 1307 2096 Eboracum
1339 2052 1411 2097 nou

458 2132 634 2197 venientes
658 2133 844 2196 secundum
865 2132 1080 2197 vocationem
1098 2133 1240 2213 regiam,
1261 2152 1299 2196 se
1320 2131 1412 2196 insra

460 2239 561 2296 terrm
583 2252 656 2296 suae
680 2234 844 2296 terminos
867 2239 1063 2296 tenuerunt.
1115 2232 1311 2296 Willelmus
1326 2232 1411 2297 Wa-

458 2331 522 2395 leis
543 2339 694 2396 castrum
717 2332 759 2396 de
783 2331 1028 2414 Rokesburgia
1048 2333 1123 2416 jam
1146 2331 1267 2395 diebus
1291 2333 1410 2397 multis

460 2433 654 2509 obsederat,
687 2432 747 2495 sed
782 2432 901 2496 audito
933 2433 1084 2496 adventu
1116 2429 1343 2513 Anglicorum
1374 2434 1409 2495 in

461 2532 680 2597 multitudine
703 2551 830 2614 magua
858 2530 1005 2613 diffugit.
1058 2531 1211 2596 Comites
1234 2533 1412 2597 venientes

455 2631 754 2713 ,Rolesburgiam
781 2631 913 2696 munito
936 2639 1051 2696 castro
1076 2651 1118 2695 ac
1140 2632 1326 2695 consolatis
1349 2633 1410 2695 ob-

461 2733 578 2809 sessiS,
606 2732 752 2814 digressi
786 2740 867 2796 sunt
899 2751 1009 2815 usque
1035 2725 1229 2810 ³Kelston3
1268 2739 1303 2795 et
1332 2732 1411 2795 iude

462 2832 590 2896 reversi
614 2839 697 2894 sunt
724 2850 834 2912 usque
858 2831 1083 2908 Berewicum,
1107 2850 1210 2912 quam
1233 2831 1308 2914 jam
1331 2830 1412 2894 Sco—

462 2930 508 2993 tis
535 2949 680 2994 vacuam
708 2931 922 2995 invenerunt.
975 2931 1137 3014 Dumque
1161 2931 1209 2994 ibi
1235 2950 1412 2995 moraren-

462 3036 531 3106 tur,
567 3029 746 3094 maudavit
777 3031 826 3093 eis
858 3049 921 3094 rex
956 3031 998 3094 de
1022 3031 1154 3113 treugis
1177 3032 1329 3113 acceptis
1353 3023 1422 3096 ⁴e0

462 3129 575 3193 reditu
588 3149 651 3194 suo
670 3130 785 3207 celeri,
794 3131 921 3214 jubens
939 3150 982 3195 ne
1000 3139 1081 3195 ante
1095 3129 1281 3195 adventum
1298 3150 1412 3208 suum,

463 3237 610 3312 excepta
638 3231 865 3312 occupatione
895 3229 1073 3309 Berewici,
1101 3230 1231 3312 aliquid
1258 3250 1327 3313 quo
1349 3251 1413 3313 pa-

463 3339 576 3394 terent
608 3330 794 3396 discrimini
827 3337 1047 3394 attentarent.
1118 3331 1279 3395 Remissa
1306 3331 1415 3412 igitur

462 3430 587 3514 majori
617 3437 715 3512 parte
746 3431 932 3506 exercitus,
961 3439 996 3494 et
1025 3431 1169 3494 retentis
1196 3430 1255 3512 qui
1280 3430 1324 3493 ad
1352 3431 1413 3494 de-

463 3531 650 3594 tentionem
679 3530 772 3593 villae
794 3537 935 3612 possent
962 3528 1129 3607 sufficere,
1155 3530 1341 3594 adventum
1361 3550 1414 3594 re·

462 3631 555 3711 gium
580 3631 841 3712 exspectabant.
894 3629 997 3694 Circa
1024 3631 1228 3712 principium
1254 3629 1416 3707 Quadra-

462 3729 602 3811 gesimae
624 3729 800 3794 Robertus
822 3730 864 3793 de
887 3729 1042 3807 Clifford,
1059 3749 1137 3794 cum
1156 3730 1209 3792 his
1232 3730 1291 3812 qui
1313 3739 1414 3794 eraut

497 3986 504 4016 ¹
522 3988 531 4016 ‘
539 3988 688 4037 reformetur
696 3978 710 4046 3'
728 3986 811 4035 MSS.
987 3979 996 4010 ⁴
1011 3985 1054 4032 ‘in
1065 3982 1149 4032 reditu
1161 3998 1218 4047 suo,
1229 3983 1306 4032 celari
1316 3985 1414 4046 jubens

494 4056 505 4086 ⁸
523 4058 639 4107 ‘scilicet
648 4058 808 4116 villanorum,
819 4069 868 4102 non
879 4068 924 4103 au·
949 4057 1007 4102 ante
1018 4055 1155 4102 adventum
1168 4067 1244 4102 suum
1255 4059 1361 4115 accepta
1371 4069 1414 4103 oc·

459 4135 510 4177 tem
519 4121 923 4189 Anglorum,’saysD‘Acberius.
949 4124 1083 4185 cupatione
1103 4118 1256 4183 Berewici3'
1270 4118 1338 4172 D’A.
1370 4124 1414 4172 lu·

497 4195 573 4247 ⁸i.e.
593 4197 682 4246 Kelso.
718 4189 859 4256 ‘Kelson3’
876 4197 923 4245 Ar.
950 4195 1020 4242 stead
1044 4194 1074 4242 of
1088 4190 1213 4256 ‘jubens,'
1230 4191 1278 4243 Ar.
1297 4197 1345 4242 220
1364 4194 1413 4243 bas

458 4273 483 4316 ct
493 4267 542 4317 Ar.
554 4270 612 4316 22⁰.
948 4265 956 4292 ⁴
967 4263 1103 4313 inhibens.’
