3252 5026
582 523 585 532 ¹
608 514 791 566 susanne.
1109 499 1175 564 159

222 673 314 757 apud
330 673 365 738 S.
378 673 520 736 Petrum
539 671 620 736 fecit
637 672 814 755 palatium.
861 671 1035 738 Successit
1047 670 1179 747 Coeles-2
1187 687 1338 777 233233111·

221 774 295 838 tino
312 771 536 838 Innocentius
554 773 690 848 tertius,
708 772 848 837 natione
866 771 1076 856 Campanus,
1094 788 1240 836 eon-um·

222 880 378 937 secratus
395 873 430 935 in
446 871 535 935 sesto
548 871 732 936 cathedrae
748 871 783 935 S.
798 871 912 952 Petri;
938 873 982 936 ad
999 891 1099 955 quem
1113 892 1175 936 rex

224 972 409 1048 Ricardus,
429 970 543 1034 missis
564 971 706 1050 nuntiis,
724 979 935 1054 conquestus
960 979 1013 1036 est
1033 972 1077 1036 de
1096 991 1177 1053 rege

225 1071 438 1136 Francorum
461 1089 566 1153 super
588 1070 655 1134 fide
677 1069 800 1148 fracta,
824 1080 858 1135 et
879 1071 1080 1155 juramento
1099 1072 1177 1135 nul·

221 1170 359 1235 latenus
384 1171 581 1236 observato.
633 1169 745 1253 Super
771 1190 841 1253 quo
867 1191 946 1235 cum
973 1170 1079 1237 vellet
1098 1189 1176 1234 eum

222 1270 379 1334 dominns
403 1288 495 1353 papa
520 1270 704 1334 convenire
729 1289 790 1353 per
812 1270 979 1352 legatum,
1002 1270 1176 1335 volentem

221 1368 428 1452 respondere
466 1369 682 1433 excusabant
713 1369 850 1452 praelati
890 1369 1047 1434 Franciee
1084 1369 1176 1452 apud

222 1468 399 1532 dominum
433 1487 573 1550 papam,
611 1476 775 1549 rogantes
814 1475 854 1532 ut
889 1461 1176 1551 ¹jurisdictionem

224 1587 293 1632 non
313 1568 454 1631 laederet
472 1568 564 1649 regis
587 1567 820 1647 Francorum3
845 1587 933 1650 qnos
958 1587 1064 1650 super
1088 1568 1178 1651 peti-

224 1667 318 1732 tione
348 1665 577 1730 irrationabili
612 1666 791 1747 redarguit
821 1666 1041 1731 vehementer
1071 1686 1176 1750 papa,

224 1767 314 1831 sicut
341 1773 439 1848 patet
467 1766 591 1830 Extra.
618 1765 660 1828 de
686 1764 846 1844 Judiciis,
881 1766 1032 1848 capitulo
1068 1764 1179 1831 Novit

223 1866 293 1930 ille.
346 1866 473 1930 Petrus
500 1865 699 1948 Capuanus,
721 1864 886 1929 diaconus
906 1865 1105 1942 cardinalis
1129 1866 1178 1929 le·

224 1973 328 2047 gatus
350 1965 386 2028 in
411 1965 595 2029 Franciam
623 1965 748 2036 missus
777 1973 842 2043 est,
867 1964 911 2028 ad
940 1985 1060 2047 pacem
1087 1964 1178 2028 inter

222 2065 310 2129 duos
324 2083 423 2146 reges
440 2071 474 2128 et
484 2063 701 2128 concordiam
715 2063 987 2130 reformandam:
1014 2065 1073 2131 sed
1091 2064 1176 2128 nihil

223 2165 416 2247 proficiens,
444 2164 601 2228 inducias
636 2171 772 2228 tanturn
803 2165 1088 2248 quinquennales,
1116 2165 1177 2229 vix

226 2264 436 2327 assentiente
462 2282 543 2345 rege
572 2263 736 2339 Ricardo,
757 2263 816 2345 qui
843 2263 995 2327 nondum
1023 2262 1178 2328 totaliter

224 2371 489 2446 recuperaverat
502 2382 524 2426 a
542 2362 705 2444 Philippo
722 2381 802 2443 rege
819 2362 985 2446 injuriose
1009 2370 1177 2444 usurpata

225 2469 378 2545 tempore
394 2481 466 2526 suae
483 2462 690 2526 detentionis
712 2461 747 2523 in
763 2450 984 2540 Alamannia,
1007 2462 1074 2526 fide
1090 2463 1176 2526 utri·

226 2581 335 2645 usque
351 2562 442 2643 regis
457 2561 662 2643 interposita
675 2560 884 2643 impetravit.

277 2660 458 2725 Hubertus
487 2659 748 2724 cantuariensis
775 2659 1064 2742 archiepiscopus
1094 2679 1176 2725 auc·
1189 2678 1321 2720 aermon-

227 2761 367 2825 ton'tate
397 2760 505 2824 fultus
532 2759 735 2843 apostolica,
769 2759 924 2837 clericos,
951 2779 1038 2842 quos
1068 2731 1306 2842 Hugo⁰²¹²ff⁸¹¹'·

229 2858 423 2924 Castrensis
457 2859 651 2943 episcopus,
686 2858 806 2942 ejectis
835 2859 1026 2936 monachis,
1060 2860 1178 2942 posuit

229 2959 320 3042 apud
361 2959 616 3035 Goventreiam,
654 2957 796 3035 amovit,
833 2958 1086 3042 monachosque
1127 2979 1179 3023 re·-

232 3058 345 3122 dnxit.
398 3057 619 3134 Eustachius,
650 3056 919 3122 Saresberiensis
949 3058 1112 3135 decenne,
1141 3058 1181 3123 fit

231 3158 414 3240 episcopus
443 3157 600 3220 Eliensis.
654 3154 832 3221 Galfridus
860 3158 1012 3241 quidam,
1035 3157 1071 3220 in
1094 3156 1178 3221 Ces-

227 3264 374 3321 trensem
390 3257 533 3331 electus,
546 3257 583 3320 in
597 3255 794 3338 episcopum
810 3263 1041 3321 consecratur.
1078 3249 1179 3321 ²Sex·

230 3363 267 3421 to
293 3357 370 3420 idus
398 3355 485 3420 Julii
514 3355 645 3421 Othoni
670 3355 788 3438 nepoti
817 3355 908 3437 regis
932 3354 1072 3436 Angliae
1101 3357 1179 3420 red-

228 3455 337 3520 ditum
360 3463 414 3520 est
429 3453 701 3538 Aquisgranum,
730 3455 822 3538 quod
848 3474 956 3537 nuper
976 3455 1178 3534 obsederat;

229 3554 265 3618 in
284 3553 384 3638 cujus
406 3554 558 3618 crastino
576 3574 717 3618 uxorem
736 3555 838 3618 duxit
854 3561 1067 3637 septennem,
1081 3553 1179 3618 ducis

228 3653 427 3717 Brahantiae
446 3653 552 3716 filiam
572 3660 609 3718 et
632 3653 814 3717 heredem:
847 3662 972 3737 quarto
992 3673 1075 3717 vero
1100 3654 1179 3717 idus

230 3752 384 3836 ejusdem
404 3753 543 3829 mensis,
567 3753 611 3816 ab
634 3750 764 3816 Adulfo
788 3751 985 3817 Coloniensi
1011 3752 1179 3836 archiepi-

229 3871 335 3934 scopo
367 3871 411 3915 ex
445 3851 610 3917 mandato
642 3851 835 3917 Innocentii
863 3853 956 3916 tertii
984 3859 1180 3930 coronatus,

228 3951 344 4014 sedem
358 3949 596 4032 Augustorum
615 3951 780 4017 ascendit.

266 4166 274 4198 ¹
291 4169 348 4230 ‘jns
358 4163 372 4229 ς’
384 4167 431 4217 Ar.
717 4168 768 4216 and
777 4167 823 4285 Atr.
834 4169 905 4286 resq,
916 4167 958 4286 ’ἔπι
970 4169 1184 4288 einslcopgnilcom

264 4301 450 4369 '‘septim?
478 4302 563 4356 M:
591 4308 638 4360 bnt
655 4307 694 4356 M·
719 4252 929 4356 {pgraursexor
948 4253 980 4287 us
1008 4255 1063 4288 nn.
1098 4245 1176 4301 tom,
