3252 5026
452 445 518 510 194
810 459 881 507 mc.
905 458 1052 505 rnrvnrr

291 636 431 696 meretum·
453 619 521 683 dici
546 618 646 682 finem
666 617 831 694 omnium,
856 617 948 699 quod
975 617 1090 679 omnia
1119 623 1200 680 sunt
1224 635 1405 680 reversura

292 689 433 777 diffidi?
453 720 489 781 in
512 718 612 795 Eum,
638 725 678 781 ut
701 717 739 781 iu
764 718 843 781 Duo
869 715 1129 780 immutabiliter
1150 716 1342 798 quiescant,
1370 723 1406 779 et

293 787 431 827 mmm
453 838 560 883 unum
576 817 787 882 individuum
803 818 838 879 in
852 817 904 880 Eo
916 823 1020 898 atque
1034 816 1314 880 incommutabile
1329 835 1403 898 per-

453 920 661 982 manebunt:
682 925 718 981 et
734 918 824 980 sicut
836 916 978 980 alterius
994 923 1127 979 naturae
1145 923 1280 979 nonest
1295 915 1406 980 Abra-

453 1018 546 1096 ham,
573 1018 716 1081 alterius
742 1017 856 1094 Isaac,
884 1014 945 1080 sed
971 1017 1074 1079 unius
1094 1035 1135 1079 ac
1158 1014 1332 1099 ejusdem3
1356 1017 1406 1079 sic

454 1118 543 1181 dixit
573 1118 689 1181 omnia
717 1134 937 1192 esseorum,
967 1124 1002 1178 et
1027 1117 1142 1180 omnia
1170 1134 1245 1178 esse
1278 1115 1406 1180 Dauni.

456 1217 558 1281 Dixit
579 1216 669 1280 enim
693 1217 805 1281 Duum
830 1234 906 1279 esse
927 1214 1111 1278 escendam
1134 1216 1285 1279 omnium
1309 1235 1405 1279 crea-

455 1322 622 1393 turarum,
646 1323 682 1380 et
704 1335 780 1380 esse
810 1312 974 1379 omnium.
1027 1314 1159 1379 Iterum
1186 1315 1287 1391 dixit,
1312 1314 1405 1396 quod

455 1417 546 1480 sicut
576 1416 637 1480 lux
670 1435 740 1478 uon
770 1415 908 1479 videtur
937 1415 973 1477 in
1002 1433 1051 1492 se,
1078 1413 1198 1478 sedin
1222 1433 1322 1490 aere;
1356 1416 1406 1478 sic

456 1516 560 1580 Deus
587 1534 651 1579 nec
674 1516 718 1579 ab
740 1513 888 1590 bomine,
915 1533 978 1578 nec
1000 1515 1045 1578 ab
1070 1514 1194 1597 angelo
1223 1515 1405 1590 videbitur,

455 1615 515 1679 sed
538 1622 673 1678 tanturn
692 1614 728 1677 in
751 1614 930 1678 creaturis
984 1613 1116 1677 Iterum
1135 1615 1296 1693 asseruit,
1312 1614 1405 1697 quod

456 1715 485 1777 si
502 1715 605 1778 homo
620 1732 690 1777 non
711 1719 902 1796 peccasset,
922 1713 957 1776 in
975 1713 1146 1796 duplicem
1162 1732 1283 1778 sexum
1297 1715 1406 1797 parti-

456 1820 513 1877 tus
530 1833 600 1878 nou
617 1813 751 1890 fuisset,
769 1832 832 1877 nec
849 1820 1060 1894 generasset,
1080 1814 1140 1877 sed
1158 1831 1199 1878 eo
1217 1813 1318 1878 modo
1336 1833 1406 1896 quo

456 1913 572 1994 angeli
592 1911 812 1994 multiplicati
838 1919 933 1990 sunt,
959 1913 1179 1995 multiplicati
1203 1914 1349 1977 fuissent
1371 1922 1407 1978 et

456 2012 620 2076 homines.
674 2012 721 2076 Et
744 2012 835 2094 quod
857 2019 937 2095 post
958 2013 1240 2076 resurrectionem
1264 2020 1407 2095 uterque

456 2131 562 2176 sexus
584 2112 803 2188 adunabitur,
826 2112 917 2175 sicut
934 2107 991 2197 (ut
1007 2108 1148 2196 asserit)
1165 2112 1230 2175 suit
1252 2113 1348 2194 prius
1369 2115 1407 2177 iu

455 2212 649 2276 creatione:
674 2219 709 2275 et
730 2211 835 2276 talem
860 2212 950 2275 dixit
973 2210 1170 2276 Cuursru'u
1197 2211 1303 2276 fuisse
1328 2221 1408 2294 post

457 2312 752 2376 resurrectionem.
812 2310 882 2390 Qui
915 2328 1033 2374 omnes
1064 2329 1196 2375 errores
1227 2312 1408 2376 inveniun-

459 2418 517 2476 tur
537 2412 572 2474 in
591 2406 708 2488 ¹libro,
725 2411 785 2493 qui
802 2409 999 2474 intitulatur
1015 2404 1115 2474 ²Peri
1134 2410 1314 2494 Physeos3
1347 2415 1406 2495 qui

458 2511 545 2575 liber
566 2511 711 2575 Parisiis
734 2510 874 2592 ponitur
889 2511 980 2574 inter
994 2510 1082 2573 elios
1096 2511 1201 2574 libros
1217 2511 1409 2579 damnatos.

460 2610 534 2674 Iste
556 2609 752 2675 Amalricus
774 2609 917 2673 Parisiis
937 2628 1015 2673 cum
1031 2611 1104 2674 suis
1121 2610 1326 2692 sequacibus
1343 2613 1407 2676 fuit

459 2710 671 2774 combustus.
734 2709 873 2773 Dixerit
898 2709 1002 2773 etiam
1027 2710 1117 2773 inter
1143 2709 1225 2788 alia,
1252 2713 1345 2794 quod
1372 2713 1408 2776 in

459 2809 605 2872 caritate
627 2809 826 2872 constitutis
852 2808 983 2872 nullum
1008 2818 1187 2892 peceatum
1214 2810 1409 2894 imputaba-

460 2915 528 2984 tur,
556 2906 647 2970 unde
668 2908 732 2971 sub
761 2908 823 2971 tali
844 2909 958 2991 speeie
981 2910 1122 2990 pietatis
1144 2909 1219 2991 ejus
1243 2929 1409 2994 sequaces

459 3027 594 3071 omnem
611 3007 856 3090 turpitudinem
871 3007 1141 3073 committebant.

300 3123 446 3165 senomnn.
511 3106 668 3171 Instante
700 3114 864 3190 tempore,
894 3127 963 3190 quo
994 3109 1129 3190 praelati
1160 3110 1204 3173 ad
1232 3109 1297 3174 hoc
1327 3127 1410 3174 con·

460 3206 575 3270 cilium
605 3224 643 3270 se
672 3209 865 3289 parabant,¹
886 3208 971 3271 civis
1005 3208 1145 3288 quidam
1177 3209 1409 3287 Tholosanus,

460 3307 596 3370 nomine
612 3305 750 3384 PetruS,
770 3325 808 3370 se
825 3313 860 3370 et
875 3306 995 3370 domos
1011 3325 1092 3371 suas
1110 3307 1263 3373 aedificiis
1278 3316 1410 3392 specta-

459 3406 557 3484 biles,
579 3423 665 3488 quas
690 3406 838 3470 habebat
857 3405 964 3488 juxta
985 3414 1150 3485 castrum,
1169 3409 1271 3472 beato
1292 3407 1411 3473 Domi-

459 3506 537 3569 nico
564 3506 700 3582 obtulit,
734 3513 773 3568 ut
801 3506 836 3568 in
867 3506 916 3568 eis
944 3524 1024 3570 cum
1057 3507 1122 3571 sibi
1152 3507 1408 3573 adhaerentibus

459 3603 642 3668 habitaret.
700 3605 808 3669 Fulco
846 3623 929 3670 vero
963 3605 1182 3670 Tholosanus
1216 3609 1410 3691 episcopm,

459 3703 538 3767 fidei
559 3704 690 3768 zelator
709 3705 868 3781 eximius,
886 3694 1021 3770 sextam
1040 3712 1173 3788 partem
1190 3707 1411 3786 decimarum,

496 3951 502 3981 ¹
528 3953 647 4017 Namely,
674 3951 730 4002 that
754 3955 782 4002 ol
809 3953 920 4003 loannes
945 3953 1127 4018 Scotus,abbot
1135 3955 1164 4005 ol
1169 3956 1304 4020 Ethelnay‚
1313 3955 1410 4018 though

459 4023 550 4072 Scotus
574 4025 695 4086 Erigere,
722 4025 840 4072 intituled
862 4021 921 4090 περὶ
948 4025 1408 4089 WllllamofMalmsburycoufounds

459 4089 566 4159 φύσεων
577 4093 713 4161 μερισμοῦ.
746 4095 870 4143 Mabillon
880 4108 920 4142 as·
944 4094 1052 4146 thetwo.
1089 4097 1136 4145 See
1147 4097 1178 4146 E.
1188 4097 1321 4148 H.S.Ed.
1330 4097 1381 4146 vol.
1390 4098 1408 4145 i.

460 4167 524 4211 serta
539 4163 595 4211 that
608 4164 721 4213 Joannes
737 4164 847 4227 Erigone
863 4165 886 4212 is
904 4179 920 4213 a
944 4179 988 4226 pp.
1001 4169 1118 4216 leo-190.

459 4233 574 4281 different
599 4245 690 4294 person
716 4233 779 4282 from
807 4235 919 4285 Joannes
980 4232 1087 4285 ²‘Peri
1099 4235 1218 4297 Physeon
1229 4237 1245 4298 ;'
1262 4237 1301 4285 Μ.
1310 4239 1335 4285 et
1343 4234 1391 4285 Ar.
