3252 5026
293 1474 339 1513 ibe
347 1473 409 1523 popul

291 1524 422 1613 {titia

291 1624 356 1663 Louls
365 1624 419 1663 liam

291 1673 393 1722 lnvsdlng

292 1723 395 1774 England.

291 2769 359 2808 Guelo
394 2781 416 2810 a·

293 2824 314 2858 to
324 2820 428 2869 liugand.

451 487 516 550 196
812 503 883 549 ruo.
907 501 1054 548 rnrvnsr

452 660 598 742 singulis
635 660 799 724 calicibus
832 679 960 736 earum,
994 678 1072 742 quae
1107 678 1177 722 non
1210 656 1404 721 habuerunt

452 760 576 824 calices
607 767 802 842 argenteos,
830 760 894 824 tali
917 766 1021 842 pacto
1047 758 1139 842 quod
1168 777 1228 821 eos
1257 757 1404 821 vendere

453 879 521 922 non
550 868 703 941 possent.
761 859 881 943 Hujus
908 859 1119 942 temporibus
1151 857 1299 922 Livonia
1322 876 1403 921 con·

453 979 554 1023 versa
576 967 629 1024 est
654 960 698 1023 ad
723 959 834 1023 fidem.
888 958 975 1023 Post
1001 964 1146 1022 mortem
1167 956 1270 1041 hujus
1297 956 1405 1020 Inno-

453 1059 557 1122 centii
573 1060 692 1123 statim
707 1060 835 1124 electus
853 1065 907 1122 est
921 1058 1100 1123 Honorius
1116 1058 1251 1134 tertiuS,
1265 1057 1403 1120 natione

455 1157 646 1237 Romanus,
664 1160 772 1242 quiet
787 1157 975 1222 decretales
997 1158 1123 1223 dicitur
1137 1156 1353 1239 compilasse,
1369 1163 1404 1220 et

454 1258 633 1322 ecclesiam
660 1258 696 1323 S.
716 1258 894 1322 Laurentii
919 1266 1171 1334 extramuros
1195 1248 1404 1320 ¹basilicam-

454 1377 534 1439 que,
550 1378 627 1440 quae
645 1358 775 1422 Sancta
790 1357 995 1422 Sanctorum
1013 1356 1151 1434 dicitur,
1168 1374 1364 1421 renovasse.

506 1456 634 1536 Gualo,
654 1457 855 1542 apostolicae
872 1458 963 1522 sedis
978 1457 1127 1540 legatus,
1148 1455 1240 1519 tituli
1260 1455 1296 1519 S.
1308 1455 1403 1519 Mar-

454 1556 518 1621 tini
539 1559 720 1641 presbyter
740 1557 935 1635 cardinalis,
960 1557 1055 1622 venit
1079 1556 1247 1632 Parisios,
1270 1555 1404 1638 Philip-

453 1677 534 1738 pum
562 1677 677 1739 regem
701 1658 854 1722 studiose
882 1658 1082 1733 exhortans,
1109 1663 1148 1720 ut
1172 1654 1280 1718 filium
1303 1674 1402 1718 suum

453 1755 667 1822 Lodovicum
697 1776 718 1821 a
751 1757 901 1821 transitu
939 1757 974 1820 in
1006 1755 1170 1837 Angliam
1205 1755 1401 1820 cohiberet:

452 1875 556 1938 super
588 1876 656 1940 quo
691 1857 795 1921 etiam
827 1855 1049 1921 nibilominus
1081 1855 1289 1919 auctoritate
1322 1875 1401 1937 apo

452 1956 577 2020 stolica
593 1956 706 2038 ipsum
717 1958 852 2020 monuit
864 1956 1088 2032 Lodovicum,
1106 1955 1312 2018 denuntians
1331 1962 1402 2018 lam

451 2057 543 2137 patri
568 2075 669 2138 quam
699 2055 770 2120 filio
798 2057 1004 2120 sententiam
1027 2053 1403 2132 excommunicationis,

451 2154 559 2218 latam
577 2154 614 2217 in
632 2155 858 2220 Lateranensi
881 2156 1025 2220 concilio
1047 2156 1083 2219 in
1101 2173 1232 2230 omnes,
1249 2154 1309 2237 qui
1325 2147 1402 2218 ²Jo·

452 2273 576 2318 aunem
606 2275 721 2337 regem
755 2254 906 2336 Angliee,
940 2263 980 2320 ut
1012 2274 1033 2319 a
1066 2274 1174 2336 regno
1206 2253 1403 2336 dejicerent,

453 2356 711 2439 expugnabant.
765 2355 971 2431 Lodovicus,
998 2361 1116 2438 spreta
1136 2352 1324 2417 monitione
1352 2353 1402 2418 le·

452 2455 537 2536 gati,
572 2474 593 2519 a
627 2456 750 2538 coeptis
780 2474 997 2540 nequaquam
1028 2454 1181 2533 destitit3
1219 2452 1279 2516 sed
1309 2454 1402 2536 apud

453 2553 638 2632 Calesinm,
670 2555 844 2620 Flandriae
867 2563 1018 2638 portum,
1046 2555 1192 2618 classem
1218 2552 1404 2618 coadunari

453 2656 629 2737 praecepit,
663 2675 726 2736 pro
762 2655 917 2719 exercitu
953 2656 989 2718 in
1021 2652 1183 2736 Angliam
1213 2645 1404 2735 ³transpor·

452 2754 568 2817 tando.
621 2752 736 2817 Gualo
763 2753 901 2834 legatus
926 2756 962 2818 in
988 2752 1152 2836 Angliam
1181 2753 1338 2830 tendens,
1368 2763 1404 2818 et

451 2853 664 2916 Lodovicum
696 2854 922 2936 praeveniens
949 2853 1077 2936 sategit
1105 2855 1196 2917 inter
1220 2872 1336 2934 regem
1367 2862 1402 2918 et

451 2955 598 3016 barones
614 2958 688 3016 toto
706 2953 783 3016 nisu
799 2971 918 3034 pacem
932 2973 1148 3036 componere,
1162 2953 1244 3017 licet
1260 2952 1400 3018 frustra.

452 3051 497 3116 In
527 3052 678 3116 crastino
708 3051 931 3116 Ascensionis
959 3053 1153 3117 Lodovicus
1185 3071 1291 3118 naves
1323 3072 1403 3116 con-

451 3151 618 3215 scendens
642 3171 719 3215 cum
744 3153 899 3216 exercitu
921 3172 985 3217 suo
1008 3153 1175 3236 applicuit
1197 3153 1234 3214 in
1256 3147 1398 3230 *insula

451 3270 529 3332 quae
546 3251 725 3315 Thanatos
741 3252 958 3336 appellatum
982 3253 1042 3317 nbi
1062 3252 1226 3316 recreatis
1246 3251 1402 3334 aliquan-

452 3351 561 3415 tulum
578 3351 757 3428 militibus
778 3352 864 3416 feria
878 3352 1030 3417 secunda
1052 3351 1303 3434 Sandewycum
1324 3371 1402 3434 per-

451 3451 557 3527 venit,
587 3452 867 3515 concurrentibus
889 3453 954 3516 sibi
976 3451 1101 3515 ibidem
1124 3452 1309 3515 baronibus
1328 3470 1401 3515 suae

451 3551 561 3631 partis
576 3556 611 3614 et
627 3571 703 3615 eum
727 3551 975 3615 deducentibus
996 3570 1106 3633 usque
1129 3550 1280 3628 Roffam,
1302 3550 1401 3634 cujus

451 3656 602 3714 castrum
629 3644 817 3714 ⁵redditum
841 3658 894 3714 est
915 3651 1035 3714 eidem.
1088 3651 1190 3714 Feria
1217 3652 1340 3734 quinta
1366 3652 1402 3714 in

451 3748 666 3814 hebdomada
689 3749 914 3814 Pentecostes
928 3751 1070 3815 veniens
1094 3750 1304 3829 Londonias,
1323 3769 1401 3817 cum

452 3850 670 3930 processione
695 3849 840 3914 solenrni
866 3858 1023 3934 receptus
1048 3858 1101 3915 est
1128 3851 1163 3914 in
1193 3850 1338 3915 ecclesia
1363 3851 1400 3914 S.

488 4089 495 4119 ¹
513 4090 716 4150 ‘basilicamque
745 4083 916 4149 sanctorum3’
976 4086 987 4117 ³
1003 4090 1202 4139 ‘transfretando
1212 4085 1227 4152 ς’
1239 4087 1308 4140 D'A.

451 4157 624 4278 Mfffffim
642 4244 669 4277 re
689 4229 695 4240 .
976 4187 1150 4254 ⁴‘insu1sm;‘
1163 4189 1232 4242 nr.

671 4244 697 4290 gr
710 4263 717 4278 .
729 4264 735 4277 .
749 4265 755 4278 .
771 4264 776 4277 .
789 4243 916 4294 repugna·

451 4295 537 4361 bant3'
549 4299 588 4350 M.
599 4303 624 4347 et
635 4297 682 4347 Ar.
975 4291 986 4321 ⁶
1002 4294 1103 4343 ‘stetim
1114 4295 1240 4346 redditum
1254 4289 1315 4358 θεῖς’
1329 4294 1376 4345 Ar.
